4222 5548
288 513 442 581 musmo
463 506 687 600 praestarem
710 521 855 575 orontes
874 510 1062 590 nuntient,
1073 504 1162 596 quod
1177 527 1252 573 cum
1267 507 1302 573 in
1316 506 1456 596 reliquis
1465 507 1566 576 libris
1580 531 1641 578 ms.
1657 513 1805 599 deesset,
1820 515 1901 584 olim

218 689 222 694 .
281 629 354 691 tots
369 613 572 690 eonsmouo
583 620 715 688 solebat
724 619 856 686 mutari.
881 615 963 702 Sed,
977 625 1014 684 ut
1027 619 1063 684 in
1074 633 1211 685 cursum
1225 615 1415 706 redeamus,
1426 615 1526 707 paulo
1537 620 1702 708 portior.
1712 624 1799 693 liber
1809 629 1900 713 quod

281 731 507 802 unicen‘crum
522 741 586 818 cst,
596 733 731 799 tradere
745 729 1160 818 precularnmqnellukeri
1172 729 1438 798 observationem
1453 732 1586 803 ridetur
1596 731 1801 804 confirmare.
1813 737 1901 804 Nsnr

282 841 399 915 omnes
411 833 740 913 codicesertlnilsent:
757 840 1037 914 obtinuittumce
1049 839 1300 908 Remum
1312 839 1522 944 prueseoecs
1533 842 1901 915 ceremonensem
1916 913 1919 920 .

281 947 534 1044 recedit,·'apud
558 977 660 1044 quem«
679 962 731 1022 est
752 951 906 1020 obtinent
925 963 1043 1018 remees
1059 975 1096 1039 p.
1118 954 1143 1022 1.
1165 949 1349 1038 lennem,
1371 950 1427 1020 ubi
1450 949 1537 1044 qnae
1559 953 1719 1024 inserimr
1737 957 1899 1042 litteral,

283 1065 357 1138 cem
381 1086 425 1136 ex
446 1061 552 1156 preve
565 1066 775 1154 ,repetitione
795 1064 929 1132 litterae
945 1063 1159 1153 insequentis
1178 1059 1300 1132 nutam·
1315 1087 1392 1133 csse
1411 1067 1594 1154 uitiumque
1613 1068 1741 1136 librarii
1761 1089 1844 1136 casu
1867 1071 1902 1137 ci

261 1201 263 1212 ·
280 1184 369 1270 quud
379 1197 506 1248 serum
528 1185 579 1245 est
600 1177 711 1244 simile
725 1175 959 1243 intercessisse
972 1183 1167 1246 statuemus.
1176 1183 1192 1227 -’
1203 1171 1289 1242 Nem
1303 1173 1494 1245 Medianum
1509 1199 1572 1246 neo
1585 1180 1785 1269 reliquorum
1799 1181 1904 1247 libro·

280 1307 355 1360 snm
378 1283 545 1358 auctorem
560 1308 652 1357 -assa
672 1289 816 1356 diximus
844 1295 879 1356 et
907 1309 957 1356 ex=
980 1283 1142 1356 comminui
1172 1287 1285 1354 tamen
1312 1307 1388 1356 cum
1415 1289 1458 1354 iis
1486 1291 1609 1378 cupite·
1625 1291 1801 1366 deductum
1823 1311 1901 1362 esse

282 1397 423 1472 constet.
473 1401 543 1471 Sed
571 1423 649 1470 rere
678 1400 835 1468 Duker-ns
862 1399 1052 1487 praefectos
1080 1381 1155 1464 urbi
1183 1385 1273 1485 apud
1301 1399 1434 1466 bivium
1462 1423 1528 1476 non
1555 1423 1631 1470 esse
1659 1405 1814 1472 absumat
1832 1403 1904 1472 nisi

282 1515 479 1582 consulares
499 1515 604 1582 virost
627 1515 716 1580 inter
737 1508 892 1579 consules
914 1519 1030 1579 antem-
1046 1518 1184 1599 praeter
1202 1507 1296 1576 idum
1318 1509 1362 1578 Τ.
1385 1509 1577 1580 Lucretium
1599 1515 1678 1580 anni
1691 1515 1758 1590 508
1780 1509 1814 1582 et
1835 1515 1904 1590 504

282 1628 416 1696 aeone.
439 1633 492 1694 cst
512 1629 650 1690 matum?
662 1625 703 1692 L.
726 1623 904 1690 Lucretius
927 1617 1162 1709 Tricipitinus,
1179 1621 1240 1709 nui
1263 1619 1341 1688 ente
1355 1621 1539 1692 triennium
1560 1622 1626 1692 fuit
1644 1624 1736 1710 (liic
1760 1625 1826 1710 lll,
1847 1627 1900 1711 8):

282 1731 383 1830 atquo
398 1736 493 1804 ‘hune
514 1736 645 1802 indicat
656 1733 872 1804 -Veronansis
889 1734 981 1800 liber
1003 1733 1153 1800 omnibus
1174 1734 1297 1800 litteris
1311 1735 1453 1803 Lucium
1470 1731 1656 1824 appellens.
1686 1734 1770 1804 'Neo
1788 1739 1906 1804 minus

168 1937 177 1944 .
280 1843 473 1922 rere-idem
494 1848 580 1915 liuor
600 1849 636 1913 in
659 1847 752 1913 exitu
775 1864 1006 1932 eorumquae
1029 1845 1279 1931 descripsimus,
1301 1847 1417 1914 habete
1444 1847 1717 1934 affirmantium
1740 1849 1807 1936 qui
1825 1842 1903 1914 sene

282 1968 493 2029 mernerunt
517 1979 632 2027 secem
660 1977 739 2024 eene
765 1969 839 2022 men
855 1961 1094 2044 frequentem
1122 1956 1173 2020 od
1196 1957 1306 2046 signe
1336 1959 1418 2024 eiee
1441 1959 1516 2026 ello
1542 1971 1731 2027 commeate
1764 1961 1903 2045 foetere,

282 2076 371 2163 qnod
393 2074 442 2139 ita
463 2071 593 2160 placet,
626 2076 662 2135 ut
688 2070 893 2137 recentiores
922 2068 1070 2136 editores
1090 2063 1360 2137 Drakenborchli
1388 2071 1547 2139 indicium
1565 2073 1664 2158 'sequi
1689 2073 1843 2160 quodque
1866 2075 1903 2139 in

282 2185 422 2273 reliquis
442 2183 538 2250 libris
559 2181 719 2247 omnibus
733 2189 785 2270 est
790 2185 1096 2270 frequentemque
1118 2181 1169 2246 ed
1184 2181 1293 2272 signe
1306 2183 1484 2270 «feisse
1498 2191 1720 2250 contemnere
1743 2181 1902 2250 debuisse

282 2297 486 2364 videantur.»
522 2293 654 2360 Etenim
690 2294 749 2382 qui
769 2291 956 2360 Caesonem
979 2292 1203 2378 exculpubant
1230 2293 1373 2379 milites,
1404 2301 1443 2360 nt
1470 2313 1547 2361 eum
1573 2294 1701 2362 mnae
1729 2315 1805 2362 asse
1834 2315 1900 2360 uon

267 2389 432 2496 'potuisse
457 2407 683 2490 ostenderent,
704 2424 770 2470 non
792 2405 855 2470 lroc
877 2403 1061 2471 efferebant
1076 2404 1111 2470 in
1126 2407 1248 2472 castris
1264 2419 1340 2472 euni
1354 2404 1471 2491 inisse,
1492 2427 1578 2495 quae
1594 2403 1750 2496 qnoniam
1764 2406 1901 2493 propin·

281 2542 350 2608 qua
370 2519 518 2603 fuerent,
539 2518 657 2604 paucis
671 2516 773 2587 ¹lauris
793 2516 829 2581 in
851 2517 964 2582 urbem
988 2515 1122 2582 excurri
1142 2517 1386 2604 potuerat,'=(a'c
1407 2525 1527 2584 norant
1542 2525 1637 2585 certe
1653 2499 1900 2585 etiumliumae

281 2637 361 2698 tunc
384 2653 459 2697 eum
482 2629 660 2714 meruisse)
681 2629 744 2695 sed
763 2649 864 2694 unum
886 2628 967 2711 hoo,
993 2634 1062 2694 tam
1075 2627 1245 2694 brevibus
1267 2625 1453 2696 intervallis
1482 2650 1557 2696 eum
1581 2629 1775 2696 secumsub
1798 2631 1900 2694 armis

282 2742 400 2826 fuisse,
421 2749 459 2806 ut
479 2734 571 2808 nulle
585 2740 725 2812 Romam
746 2738 906 2804 redeundi
919 2737 1066 2805 incultas
1082 2740 1227 2806 daretur.
1270 2739 1413 2808 Rectius
1426 2738 1530 2825 igitur
1543 2740 1706 2806 omittitur
1718 2742 1902 2828 perticula3

282 2875 369 2943 quac
390 2862 503 2920 tamen
527 2853 628 2919 ctiam
650 2852 815 2940 quomodo
836 2849 1004 2924 nonnullis
1031 2851 1166 2936 probari
1186 2859 1285 2939 atque
1307 2853 1348 2921 ia
1362 2850 1762 2932 Symmachianos'librcs
1783 2875 1901 2941 perve—
1950 2921 1955 2938 ,

281 2966 357 3034 nire
380 2965 541 3052 potuerit,
562 2963 724 3051 intelligo.
776 2961 821 3028 Ut
843 2968 953 3028 eutem
977 2961 1033 3027 hic
1062 2963 1199 3030 omissio
1220 2960 1407 3049 particulae
1430 2963 1570 3050 placuit,
1592 2963 1647 3032 ita
1667 2963 1818 3032 eiusdem
1841 2969 1902 3032 ad·

282 3079 386 3146 neena
409 3071 893 3166 praesensentium,
918 3072 976 3138 ιιι
998 3072 1130 3139 camini
1151 3071 1321 3141 Ardeates
1342 3077 1386 3141 aa
1408 3076 1545 3142 earnem
1568 3073 1738 3142 euroram
1761 3059 1903 3148 inertio-

245 3215 248 3221 ·
281 3191 330 3257 tis
351 3191 438 3257 haec
458 3191 566 3257 verba·
582 3187 693 3254 solent
715 3186 783 3254 edit
806 3185 921 3272 eapite
943 3205 1044 3251 orme
1055 3187 1288 3273 frequenter,
1301 3203 1362 3281 *me
1375 3185 1570 3274 seqremneos‘
1589 3188 1641 3252 ud
1657 3187 1805 3272 caedem,
1826 3211 1901 3257 oon
1949 3253 1951 3258 ,

283 3305 336 3369 ed
351 3321 521 3392 pegasum.
539 3281 546 3292 ’
564 3298 605 3364 ln
628 3299 745 3387 quibus
767 3317 950 3384 pronomen
971 3317 1023 3361 me
1044 3319 1104 3363 uur
1125 3298 1167 3364 eb
1191 3296 1286 3364 initio
1308 3287 1496 3384 sentcntiae
1517 3297 1730 3385 positumsit
1741 3299 1821 3367 ‘inre
1841 3302 1903 3368 mi·
2008 3307 2010 3312 ’

197 3467 199 3470 .
287 3437 408 3482 remur.
455 3411 504 3478 At
534 3409 737 3478 Veronensis
764 3410 881 3476 scribit
906 3409 989 3496 rupi
1000 3407 1018 3496 ll
1037 3421 1070 3474 te
1097 3427 1199 3473 orme
1216 3411 1472 3496 ficqeeeterp.
1491 3410 1511 3496 Η
1528 3431 1582 3476 me
1607 3411 1803 3499 sequimini
1823 3422 1902 3500 cet,

224 3589 227 3596 .
286 3525 452 3614 particula
476 3521 752 3612 praerectissime
774 3521 902 3586 additae
931 3543 1017 3607 quac
1037 3527 1150 3587 tamen
1172 3521 1202 3587 si
1224 3543 1290 3586 una
1309 3518 1428 3598 littera
1443 3520 1706 3608 significaretur,
1733 3543 1829 3611 quam
1852 3525 1902 3591 ia-

285 3639 351 3706 uile
374 3637 532 3704 excidere
552 3633 715 3722 potuerit,
737 3641 890 3718 apparet.
945 3630 1014 3698 Sed
1041 3639 1078 3697 ut
1105 3634 1148 3698 ad
1171 3633 1273 3715 hunc,
1303 3634 1436 3720 dequo
1456 3635 1761 3720 proprieegirnus,
1792 3637 1903 3705 locum

285 3752 480 3831 redeamus,
507 3755 581 3813 crat
602 3745 636 3812 in
659 3751 714 3829 eo‘,
741 3745 829 3832 qnod
851 3765 926 3812 cunr
948 3743 982 3808 in
1004 3740 1193 3810 Veronensi
1214 3742 1298 3810 libro
1325 3746 1450 3811 rectius
1478 3765 1554 3811 esse
1574 3745 1762 3832 videretur,
1790 3757 1902 3818 tamen

287 3883 330 3929 ne
353 3863 387 3928 in
410 3855 555 3945 reliquis
570 3858 701 3944 quidem
723 3875 858 3942 prorsus
874 3855 992 3940 inepte
1013 3855 1100 3920 tradi
1122 3877 1345 3924 censeremus.
1394 3854 1622 3946 Similiterque
1648 3857 1832 3926 iudicemus
1859 3864 1903 3927 de
2034 3887 2036 3894 >

287 3995 342 4056 co,
362 3972 450 4060 quod
471 3968 571 4057 paulo
594 3973 672 4033 aute
693 3967 814 4056 reliqui
835 3965 971 4033 codices
992 3965 1167 4034 exhibent:
1181 3970 1350 4054 fratrem
1376 3965 1552 4034 Volsci-
1573 3988 1646 4034 nore
1661 3972 1766 4036 *modo
1788 3971 1901 4036 cisum

289 4089 330 4151 eie
349 4082 506 4172 publice,
533 4079 746 4150 Veronensis·
760 4078 851 4145 solus
873 4079 914 4142 in
927 4075 1076 4166 'publico
1097 4078 1224 4144 ciuem:
1254 4077 1337 4144 illud
1365 4078 1575 4163 elegantiam.
1591 4083 1903 4170 quandamcaptat,

287 4195 353 4262 hoc
374 4192 588 4281 simplicitate
610 4189 785 4285 praestat:
821 4188 956 4258 Tenere
978 4189 1081 4277 igitur
1103 4189 1158 4256 hic
1178 4189 1326 4256 videmur
1347 4190 1493 4276 vestigia
1514 4193 1695 4277 quaedam,
1723 4195 1911 4261 secuudum

287 4329 376 4399 quac
405 4304 633 4393 exploremus,
660 4302 777 4390 quibus
805 4303 904 4368 rebus
929 4297 1187 4384 symmachinae
1214 4301 1365 4368 recensio
1393 4301 1449 4367 ab·
1462 4299 1600 4388 reliquis
1613 4302 1712 4370 livii
1738 4306 1904 4392 exemplis

291 4414 494 4484 discesserit.
531 4413 666 4482 Vellem
687 4413 842 4501 profecto
860 4413 978 4480 liceret
998 4412 1159 4496 indicere,
1182 4411 1259 4499 quid
1282 4429 1384 4500 snpra
1406 4409 1683 4480 ab‘initio-huius
1705 4414 1771 4482 loci
1793 4416 1903 4485 Vero·

210 4615 213 4620 Ι
292 4529 406 4596 nensis
433 4526 599 4593 librarius·
618 4525 808 4614 scripserit,
835 4524 892 4590 ubi
920 4525 1009 4614 quod
1037 4524 1140 4590 ceteri
1167 4543 1332 4589 consensu
1358 4524 1501 4592 habent:
1534 4515 1649 4592 rietes·
1664 4516 1713 4576 ἓ·-
1736 4531 1903 4595 emercetur

292 4641 417 4706 rele'ote
440 4649 559 4706 eosne
580 4639 684 4722 laede,
705 4638 764 4704 vix
785 4637 917 4704 videtur
937 4657 1036 4723 posse
1057 4634 1150 4718 farri,
1171 4655 1235 4700 nec
1256 4632 1431 4703 ferendum
1456 4657 1531 4705 esse
1554 4644 1754 4709 stetuerunt
1768 4647 1903 4710 veteres

293 4751 459 4818 editores:
493 4745 699 4820 recentiores
726 4755 838 4816 antem
857 4741 946 4837 quod
969 4747 1132 4814 exercite
1154 4747 1278 4814 relicte
1300 4754 1419 4836 putant
1439 4766 1516 4818 esse
1542 4748 1564 4814 i.
1581 4769 1619 4840 q.
1647 4753 1810 4820 caeteta
1831 4775 1906 4820 een
2018 4815 2022 4826 ,
