4222 5548
285 273 338 354 32

290 473 401 545 solent
423 469 585 558 suppleri:
607 468 641 536 in
661 469 727 536 boe
748 467 866 536 codiee
888 467 1156 557 quimanilestis
1178 466 1366 536 vulneribus
1389 470 1590 554 mederetur,
1612 487 1711 540 nemo
1727 480 1809 543 erat.
1842 473 1912 542 Itu·

291 607 357 674 qne
384 582 539 650 consulu
567 603 684 650 vocem
717 581 753 648 in
780 581 846 646 bec
882 601 1013 668 quoque
1041 579 1164 668 pagina
1192 601 1267 645 cum
1298 601 1420 666 inagna
1452 581 1676 650 inconstantia
1708 585 1813 651 scribi
1846 607 1912 652 non

289 694 521 762 mirabimur..
550 693 632 759 Cum
661 691 749 760 enim
777 691 895 759 semel
909 691 1065 758 consolis
1099 691 1250 758 omnibus
1275 690 1397 758 litteris
1426 699 1600 778 exaretur,
1634 691 1700 764 alio
1722 693 1797 764 loco
1821 695 1935 777 idern¹

289 827 391 874 casus
414 813 449 872 et
471 803 894 872 accusativussoribuntnr
908 823 1006 887 cosa,
1026 810 1096 869 tum
1118 802 1338 870 nominativus
1361 801 1416 870 bis
1434 822 1526 872 eoas.
1542 803 1633 887 (naus
1649 806 1737 892 quod
1751 806 1787 874 in
1803 806 1911 875 altero

290 917 407 983 ordine
436 939 486 984 vs.
506 917 529 986 4
549 915 620 1003 legi
640 935 728 982 coes.
751 925 916 996 creator,
945 935 1021 982 esse
1050 921 1206 1000 oportere
1234 935 1327 984 coes.
1350 924 1498 980 oreatus·
1527 914 1718 1001 existimo),
1745 925 1783 986 ut
1809 917 1912 985 libra·

289 1029 376 1096 rinrn
404 1029 489 1095 baec
511 1049 573 1114 pro
596 1011 736 1094 libidine
759 1048 821 1093 sua
843 1025 1096 1092 administrasse
1124 1031 1295 1114 appareat.
1333 1023 1419 1094 ,Nec
1446 1047 1525 1092 varo
1547 1033 1729 1112 propteroa
1755 1029 1914 1117 quicquid

289 1141 325 1208 in
348 1138 536 1208 Veronensi
561 1137 734 1223 omittitur,
756 1137 1031 1206 ritio'uidebitur
1052 1135 1160 1206 omitti
1184 1135 1373 1225 iudicioque
1397 1135 1750 1226 adbibitoanreliqui
1764 1141 1913 1227 codices,

290 1252 381 1338 quod
405 1273 473 1316 non
499 1271 583 1338 opus
611 1249 656 1316 sit
683 1257 783 1337 atque
813 1249 855 1316 ab
883 1248 1078 1334 interpretis
1106 1246 1245 1320 alieuius
1274 1247 1465 1316 addimento
1498 1247 1746 1334 proficiscatur,
1777 1253 1912 1338 addunt,

289 1364 356 1428 erit
378 1361 644 1428 examinandum.
688 1359 774 1426 Nono
795 1349 891 1449 quod»
907 1381 981 1445 esp.
1005 1359 1206 1428 19'insunta
1219 1357 1301 1428 Ver.
1325 1358 1439 1426 scribit
1460 1369 1502 1424 os
1521 1357 1647 1426 Valeri
1655 1360 1771 1446 fidem
1793 1365 1911 1430 exsul..

287 1483 416 1542 carent
435 1473 558 1538 omisso
573 1468 703 1538 Pollu
722 1471 950 1557 praenomine,
970 1472 1059 1558 qnod
1080 1470 1201 1558 reliqui
1221 1469 1297 1540 libri
1318 1469 1391 1540 fere
1407 1471 1559 1540 omuibus
1573 1470 1911 1560 littaris-expressum

288 1583 462 1670 adiiciunt,
483 1590 577 1651 recte
599 1581 675 1650 lieri
697 1581 855 1669 arbitror3
876 1583 958 1650 item
980 1584 1069 1650 enirn
1091 1582 1177 1650 alter
1199 1580 1314 1650 consul
1334 1579 1508 1652 Claudios
1530 1582 1603 1649 sine
1618 1584 1837 1668 praenomine
1852 1599 1911 1672 sp·-

286 1695 434 1781 pellatur
456 1693 514 1779 (cf.
538 1715 640 1780 supro
660 1715 694 1779 p.
707 1693 776 1776 26).
810 1693 964 1762 Placeret
985 1694 1208 1779 1θῒίιιιιι,.ειὶ·ἰιι
1223 1693 1414 1762 Veronensi
1436 1701 1605 1760 constaret
1628 1717 1705 1762 esse
1724 1683 1911 1766 consiliam

289 1806 501 1891 adhibendo,
523 1829 584 1892 pro
608 1825 673 1902 quo
694 1804 815 1892 reliqui
836 1805 914 1872 libri
930 1807 1123 1876 cumdolore
1145 1806 1338 1871 atmodum
1360 1802 1556 1872 udlso'beudo
1572 1805 1826 1892 scribentium
1842 1831 1909 1878 uon

288 1925 358 1986 tam
373 1920 414 1985 de
429 1919 526 1984 modo
542 1917 717 2004 agebatur,
738 1938 841 2006 quous
861 1918 913 1984 de,
926 1917 1114 2005 prudentia,
1136 1939 1233 2005 quom
1256 1938 1408 2005 quaeque
1423 1917 1674 2004 resperserat),
1698 1921 1758 1992 sed
1775 1920 1805 1985 si
1820 1921 1910 1992 litto·

194 2029 195 2032 ’
287 2051 361 2096 rsm
386 2051 420 2093 m
453 2028 578 2096 lineola
610 2026 791 2112 significari
825 2035 1024 2114 struamus,
1055 2029 1160 2100 etiam
1187 2028 1328 2097 alterum
1362 2028 1600 2096 substantivum
1635 2051 1752 2100 semus
1786 2033 1909 2119 capiat.

289 2141 498 2229 Quamquam
521 2139 595 2205 aliis
616 2138 700 2208 loeis
719 2140 842 2207 abesse
865 2142 908 2208 ab
930 2140 1120 2209 Veronensi
1143 2139 1271 2224 iudico,
1299 2161 1385 2228 quae
1412 2148 1505 2208 recte
1533 2142 1653 2208 absint.
1702 2140 1807 2211 Velut
1833 2143 1909 2214 libr.

289 2251 353 2336 lV,
375 2253 415 2320 21
440 2274 484 2318 ex
505 2251 705 2339 reliquorum
727 2251 877 2336 codicum
900 2253 1097 2320 auctoritate
1120 2252 1168 2320 eie
1190 2252 1312 2346 editur:
1349 2251 1585 2320 Pestilentior
1612 2253 1696 2321 iude
1723 2275 1840 2324 moos
1862 2290 1908 2310 -··
2046 2246 2050 2255 “

289 2374 427 2430 mntem
448 2372 576 2426 metum
594 2363 774 2428 comitatis
794 2365 836 2428 s'ss
858 2362 947 2430 urbe
968 2365 1141 2455 agriem
1154 2364 1268 2450 fecit,
1297 2373 1341 2428 ost
1360 2385 1432 2430 stou
1453 2358 1552 2438 modo
1571 2363 1778 2451 praedandi
1798 2389 1907 2443 eausa

292 2477 481 2564 quisquam
503 2495 551 2539 ea
572 2495 663 2564 agro
685 2473 846 2541 Romano
868 2495 942 2542 oron
963 2475 1087 2542 eoiret
1107 2473 1231 2542 belliue
1252 2474 1445 2561 inserendi
1464 2475 1820 2565 montemaureum
1842 2488 1909 2546 dot

287 2584 387 2674 plebi
412 2595 519 2669 esset,
545 2587 611 2652 sod
633 2585 731 2652 ultro
759 2585 968 2672 Fidenates,
999 2587 1064 2674 qus?
1089 2608 1125 2652 se
1149 2587 1270 2674 primo
1299 2597 1365 2652 out
1390 2586 1520 2674 oppido
1548 2597 1614 2652 aot
1638 2586 1814 2654 montibus
1842 2603 1909 2656 esst

286 2698 405 2762 meris
432 2695 637 2781 terrueruut,
666 2697 916 2785 populabundi
944 2698 1195 2770 descenderent
1227 2698 1269 2764 sis
1302 2719 1432 2788 agerem
1463 2699 1671 2766 Romumsm.
1729 2698 1803 2776 Quo
1830 2701 1907 2772 loeo

291 2807 500 2888 Veronensis
520 2807 646 2876 corbeis
666 2806 769 2876 lectio
793 2811 969 2880 melodum
991 2817 1043 2877 est
1065 2809 1300 2878 memorabilis.
1338 2808 1465 2879 Pereat
1486 2809 1544 2878 ille
1567 2810 1698 2898 qnidam
1715 2811 1789 2880 sine
1804 2813 1905 2884 dubio

287 2922 330 2986 s'n
352 2918 474 2986 urbem
496 2920 686 3011 agrisque,
713 2923 755 2988 de
777 2944 842 3010 quo
861 2943 991 3008 genere
1019 2922 1143 2990 erroris
1171 2943 1275 3007 supra
1302 2921 1463 3006 diximus,
1491 2923 1563 2988 sed¹
1578 2923 1666 3009 quod
1692 2925 1906 3010 negationem

288 3041 366 3117 ante
390 3033 534 3101 exeundi
555 3033 693 3100 verbnm
716 3032 850 3118 omittit,
871 3035 960 3100 baud
981 3034 1052 3100 seio
1067 3057 1110 3100 an
1125 3041 1215 3101 recte
1231 3032 1374 3118 omittat,
1397 3030 1677 3120 conferundoque,
1700 3057 1786 3120 quae
1802 3039 1905 3108 simil·

280 3147 392 3214 dimac
414 3143 685 3212 tranformationis
708 3151 786 3210 sunt
806 3143 881 3213 libr.
905 3143 1042 3229 XXIV,
1059 3145 1103 3214 40
1125 3155 1243 3213 tutatus
1266 3154 1388 3210 terror
1411 3166 1525 3210 omnes
1546 3147 1745 3234 occupavit,
1768 3161 1813 3214 ot
1831 3174 1904 3222 coss

169 3343 171 3346 Ι
286 3257 386 3322 modo
409 3256 504 3324 clim
528 3257 717 3344 quisquam
738 3277 840 3321 orma
860 3264 1064 3346 cuperet-
1089 3256 1154 3324 sed
1174 3256 1278 3323 ettam
1298 3256 1375 3343 ipse
1397 3277 1468 3321 rea
1488 3291 1532 3306 --
1558 3256 1758 3343 custumes
1780 3283 1903 3330 neom.

288 3389 357 3456 qee
376 3368 618 3459 perfugerit..
640 3366 728 3434 ltem
744 3363 964 3455 probandum,
987 3369 1075 3454 quod
1097 3369 1200 3436 babet
1222 3366 1374 3454 bellique
1396 3367 1604 3453 inferendi.-
1628 3368 1686 3436 vix
1709 3370 1794 3439 enirn
1810 3374 1902 3458 quip-

285 3501 382 3568 qnam
403 3481 458 3548 vel
479 3480 513 3544 in
535 3502 575 3546 re
595 3479 647 3546 vel
669 3479 704 3545 in
725 3479 859 3546 nomine
880 3480 1078 3567 reperiatur,
1101 3481 1178 3568 quin
1201 3478 1358 3566 praedari
1381 3486 1416 3545 et
1437 3478 1559 3551 bellum
1581 3478 1705 3548 inferre
1721 3480 1809 3550 idem
1824 3505 1902 3556 esse

285 3593 458 3676 uideatur,
483 3600 584 3680 atque
610 3591 672 3657 boe
695 3588 744 3661 'ex
772 3590 833 3657 illc
861 3591 1018 3680 consequi
1045 3591 1211 3684 particula
1241 3611 1309 3678 quo
1337 3588 1511 3676 significat.
1555 3589 1623 3659 Sed
1650 3592 1737 3662 buco
1762 3593 1902 3682 leuiora,

284 3703 367 3770 illud
388 3704 487 3790 louge
509 3703 627 3785 maius,
648 3703 735 3790 quod
757 3702 845 3770 idem
868 3715 934 3770 out
953 3704 1082 3791 oppido
1106 3702 1237 3768 omittit.
1274 3698 1371 3776 Quo-u
1394 3725 1468 3772 cum
1491 3702 1525 3767 in
1548 3701 1699 3770 omuibus
1720 3704 1817 3774 libris
1838 3729 1901 3778 ms.

188 3868 190 3872 ι
285 3824 395 3900 esset,
421 3814 578 3884 llulserus
597 3835 717 3881 maros
746 3815 929 3901 cogebatur
957 3815 1145 3900 intelligere
1175 3811 1316 3880 castella
1342 3813 1486 3897 munita,
1511 3812 1604 3880 vicos
1632 3815 1734 3882 nitoris
1763 3817 1901 3888 circum·

284 3930 399 4013 datos,
432 3924 544 4015 qualia
572 3928 606 3992 in
634 3925 844 3994 Fidenatium
872 3927 973 3996 bellis
998 3947 1163 4014 nunqnam
1192 3932 1499 3992 commemorantur.
1543 3924 1637 3992 Nunc
1664 3926 1768 3996 rnuria
1789 3928 1899 4018 ipsum

204 4094 206 4098 .
283 4039 498 4108 Fidenatium
519 4038 677 4126 oppidum
699 4039 840 4108 indicari
861 4039 1043 4106 videbimus
1063 4041 1216 4126 quodque
1239 4039 1273 4102 in
1298 4035 1467 4108 codicibus
1490 4045 1543 4104 est
1556 4038 1777 4126 ootopps'do,
1797 4042 1900 4112 inter·

282 4151 437 4242 pretendi
459 4173 562 4218 eausa
589 4150 771 4237 ascriptum
798 4175 883 4220 esse.
927 4149 1110 4218 Difficilius
1134 4158 1184 4218 est
1206 4147 1363 4215 iudicium
1385 4148 1459 4218 libr.
1479 4147 1543 4233 lv,
1566 4149 1625 4230 14,
1638 4149 1709 4220 ‘obi'
1727 4152 1769 4220 de
1792 4156 1897 4222 caede

281 4263 454 4332 Maeliana
473 4270 644 4330 narraturz
667 4262 769 4328 Haec
791 4284 868 4328 oum
890 4261 1078 4349 (Maelium)
1099 4261 1359 4348 conferentem
1381 4259 1702 4341 adsecutosAkola
1715 4259 1898 4344 Seros‘lios

284 4375 476 4444 obtruncet
492 4396 746 4464 respersusque
769 4396 900 4442 orooro
922 4372 1127 4440 oboooeoa·
1146 4372 1298 4460 stipatus
1319 4383 1463 4440 caterno
1474 4373 1715 4460 patriciorum
1727 4375 1897 4446 iuveneas

281 4488 456 4554 dictatori
476 4488 749 4554 renuntiatam.
797 4486 863 4554 Hie
885 4484 1094 4560 Veronensis
1120 4485 1227 4556 codex
1254 4483 1437 4572 genitivum
1465 4481 1671 4554 obtruncati
1697 4486 1831 4552 omittit:
1860 4487 1897 4557 iu
1970 4477 1972 4482 ¹

281 4600 446 4688 quo-quis
468 4621 542 4666 eum
564 4598 731 4685 vituperet
752 4605 811 4665 aut
831 4599 986 4670 brevitati
1008 4596 1214 4666 consuluisse
1235 4600 1354 4681 negati
1392 4595 1600 4688 Quamquam
1619 4606 1710 4667 totus
1728 4596 1786 4664 ille
1798 4597 1895 4669 locus

280 4713 325 4779 de
343 4713 459 4780 caede
483 4711 652 4779 Maeliana
679 4709 786 4776 minus
813 4719 903 4780 nuuc
922 4719 1017 4780 recte
1039 4711 1072 4778 in
1101 4708 1299 4778 editionibus
1327 4709 1537 4784 constituitur
1556 4723 1671 4798 'neque
1697 4708 1795 4777 nobis
1822 4711 1894 4779 sius
