4222 5548
1804 277 1893 396 aa

265 479 463 564 inuidiam,
501 477 656 565 quados
682 487 747 542 out
771 473 881 542 multo
906 485 1110 562 pos-aquosos,
1146 473 1235 559 quod
1254 477 1397 558 suerat
1427 477 1643 541 ammonam
1666 491 1893 566 grassantem

227 660 230 666 ,
268 589 392 659 omissa
418 587 683 678 praepositione,
720 587 809 676 quod
836 597 879 650 ut
905 583 997 651 horst
1021 586 1168 652 mulsum
1181 585 1329 672 suerit,
1367 587 1455 672 quod
1482 585 1669 671 olooas’ttot,
1701 590 1781 656 item
1804 593 1891 678 quod

269 699 528 768 aversabamur
546 697 694 786 precib„
716 695 837 764 deletis
857 705 971 764 tumen
993 691 1140 764 secunda
1160 717 1260 762 manu
1273 695 1398 768 litteris
1419 696 1466 764 s'b.
1504 696 1589 776 Nam
1612 697 1644 762 iu
1667 701 1816 768 omuibus
1839 704 1894 770 his

269 813 371 880 rebus
393 811 581 881 Vaticanus
596 825 678 878 oum
701 831 746 878 ex
767 807 984 874 simili·fonte
1008 801 1169 874 deductus
1189 810 1252 894 sit,
1276 809 1471 874 emendatus
1494 815 1554 875 est.
1606 808 1813 901 Quamquam
1836 814 1894 882 hio

271 945 395 992 rursus
409 943 474 988 suo.
491 943 584 988 more
600 929 735 1010 peccat3
758 941 834 985 nam
848 919 962 1006 priore
979 901 1062 994 loco
1080 918 1131 987 M.
1159 919 1341 1016 Valerium
1357 918 1514 1006 appellat,
1536 919 1592 1007 qui
1608 920 1713 988 altero
1734 921 1894 998 Volscius

273 1034 412 1121 dicitur3
435 1033 592 1100 scribitur
614 1032 716 1100 etiam
739 1031 792 1097 bis
815 1030 1006 1107 Matios:
1029 1032 1095 1096 duo
1117 1051 1203 1118 quae
1217 1037 1359 1118 peecata
1374 1037 1479 1116 eruut,
1501 1029 1689 1100 emendavit
1711 1045 1901 1123 corrector,

272 1167 343 1212 socc.¹
358 1146 557 1212 cumularet
577 1153 615 1211 et
632 1142 894 1228 eoremoods'am„
906 1143 961 1231 qui
981 1142 1065 1210 item
1087 1142 1348 1230 orthographica
1370 1142 1534 1229 quaedam
1552 1145 1703 1214 ‘mutavit
1742 1147 1827 1212 Nam
1851 1165 1891 1214 ert

273 1257 513 1324 odolescentia
533 1256 618 1324 feeit
640 1254 920 1339 adolescentiam,
945 1275 988 1320 ex
1009 1253 1170 1334 mulcatis
1191 1255 1385 1338 mulctatos,
1410 1253 1604 1341 addiditque
1624 1255 1726 1322 verbo
1747 1260 1896 1344 oscsrs't

271 1367 419 1434 littorum
441 1367 472 1436 b.
497 1367 727 1455 ·Exaequarit
749 1367 848 1434 etiam
866 1365 1076 1452 scripturam,
1100 1388 1172 1432 eum
1188 1365 1293 1432 altero
1309 1363 1384 1432 loeo
1399 1361 1658 1452 laudastique,
1680 1369 1768 1455 quod
1783 1371 1897 1457 priore

274 1487 352 1546 asse
373 1479 512 1548 viderat.
559 1478 655 1552 Quae
676 1478 765 1547 levia
787 1488 886 1566 atque
903 1477 1067 1543 eiusmodi
1082 1497 1158 1544 asse
1174 1486 1323 1563 apparet,
1345 1485 1383 1542 ut
1405 1477 1449 1543 ab
1470 1499 1523 1560 eo,
1544 1477 1601 1564 qui
1622 1480 1900 1568 orthographiam

272 1587 457 1657 Liuiananr
478 1613 523 1656 ex
550 1590 723 1656 codicibus
754 1589 886 1656 discere
913 1588 1013 1670 nolit,
1046 1586 1148 1654 facile
1168 1588 1322 1666 vitentur.
1378 1587 1583 1654 Ualentem
1614 1590 1668 1654 edi
1696 1613 1789 1660 nuuc
1810 1593 1899 1661 solet
1937 1664 1940 1670 ,

270 1701 429 1788 patricii
447 1701 486 1766 ιιι·
513 1714 638 1766 contro
666 1703 737 1766 uim
765 1703 955 1782 remmom,
990 1698 1220 1766 difficultatem
1248 1696 1394 1786 aliquam
1420 1698 1555 1785 legendi
1583 1701 1617 1766 in
1640 1701 1922 1783 Symruaehiano.

275 1810 441 1895 exemplo,
463 1813 550 1899 quod
572 1812 749 1880 Mediceus
772 1820 807 1877 et
821 1809 1007 1879 Vaticanus
1029 1807 1265 1898 exprimerent,
1286 1808 1394 1876 luisse
1417 1808 1570 1876 arbitror.
1613 1809 1697 1877 Nem
1718 1813 1777 1881 ille
1794 1813 1900 1883 habet

270 1922 427 2010 patricii
445 1923 500 1988 oa's
518 1936 646 2016 {sonora
666 1927 738 1989 os'm
759 1945 826 1992 res.
835 1952 850 2003 5
879 1923 936 1988 hie
950 1923 1059 2011 porri
1079 1925 1182 2000 caius
1204 1933 1330 1987 contra
1350 1922 1390 1986 υἱ
1410 1923 1602 2005 resistens,
1626 1945 1711 2011 quae
1733 1947 1850 2012 parum
1872 1949 1894 1992 a

277 2057 316 2104 se
338 2033 482 2120 intelligi
504 2037 699 2104 emendator
718 2035 851 2123 punctis
873 2035 1035 2100 subiectis
1048 2041 1271 2122 temptataque
1294 2033 1436 2119 quadam
1459 2028 1653 2100 correctura
1667 2042 1810 2103 testatus
1833 2047 1895 2108 est.

278 2143 405 2214 Verum
431 2155 527 2214 recte
553 2147 607 2213 adi
631 2147 669 2212 ιιι·
689 2159 816 2212 centro
835 2148 906 2212 os’m
933 2145 1137 2214 Veronensis
1162 2131 1380 2229 domonstrat,
1413 2145 1447 2209 in
1469 2165 1536 2232 quo
1559 2165 1632 2210 eum
1655 2147 1689 2211 in
1712 2170 1776 2213 uuo
1798 2171 1898 2216 versu

275 2258 433 2345 patricii
452 2262 492 2323 os·
510 2281 632 2343 oo....‚
660 2259 695 2323 in
723 2257 912 2346 insequenti
938 2240 1112 2324 acassam
1135 2257 1284 2344 legatur,
1317 2254 1474 2344 'explendi
1495 2277 1611 2322 versus
1635 2279 1737 2324 eausa
1758 2261 1807 2326 ita
1827 2261 1898 2350 legi

279 2390 422 2436 necesse
444 2379 505 2436 est.
562 2370 658 2443 Quae
679 2369 832 2456 proxime
860 2376 937 2436 sunt
964 2373 1027 2436 cass'
1053 2371 1114 2434 νει·
1133 2367 1296 2456 capitalis
1320 2368 1394 2434 da'es
1417 2368 1513 2432 dioto
1534 2371 1599 2452 rs‘t,
1635 2369 1684 2434 ita
1706 2391 1840 2456 prorsus
1862 2374 1897 2439 in

278 2478 434 2546 Mediceo
456 2480 612 2568 leguntur
635 2482 725 2566 (nam
746 2488 867 2567 peccat
888 2481 991 2547 editio
1010 2479 1286 2565 Alschelskiana,
1308 2466 1393 2568 quae
1408 2482 1469 2544 rei
1482 2477 1602 2545 abasse
1625 2480 1684 2564 uit,
1705 2504 1780 2549 curu
1803 2486 1901 2550 schc-

279 2593 343 2662 dae
367 2593 516 2660 eiusdem
536 2591 621 2658 nihil
641 2591 710 2658 tale
730 2592 891 2677 trudant),
912 2591 1144 2680 significantur
1158 2593 1259 2658 etiam
1282 2593 1315 2657 in
1329 2589 1529 2665 Veronensi,
1550 2591 1608 2656 uhi
1630 2613 1747 2658 versus
1769 2596 1826 2662 hie
1848 2603 1902 2662 est
1950 2639 1953 2644 ,

279 2706 383 2769 msam
409 2707 472 2770 orsi
494 2703 580 2788 reti
599 2702 795 2790 cumcuim
823 2726 887 2770 uec
910 2703 1054 2770 dissedit
1075 2686 1486 2790 Vaticanipriormauus,
1507 2722 1583 2766 cum
1605 2706 1830 2771 emendatoris
1852 2706 1902 2772 al·

153 2889 155 2892 v
278 2822 355 2880 tera
377 2814 489 2882 deleta
508 2814 623 2882 littera
644 2818 662 2880 ι’
681 2815 900 2903 impositaque
924 2837 961 2899 o,
988 2823 1025 2880 ut
1046 2837 1108 2881 reo
1131 2815 1243 2898 fieret,
1269 2821 1415 2883 veterem
1438 2834 1459 2876 a
1482 2834 1521 2878 se
1543 2813 1741 2901 scripturam
1763 2837 1828 2883 non
1852 2819 1902 2883 in-

281 2925 390 3012 telligi
413 2926 579 3002 indicarit.
1350 2983 1352 2990 ,
1399 2994 1401 3000 ,

431 3037 504 3104 Neo
531 3059 611 3105 vero
637 3059 681 3105 ne
708 3039 743 3106 iu
770 3039 836 3104 hac
865 3039 997 3126 quidem
1025 3039 1174 3125 quamvis
1196 3059 1314 3105 manea
1336 3033 1544 3102 Veronensis
1571 3037 1699 3102 codicis
1725 3040 1904 3126 particula,

283 3169 369 3236 quae
391 3150 562 3216 cuiusdam
584 3150 680 3237 quasi
701 3151 909 3217 recensionis
931 3148 1159 3230 diversitatem
1181 3149 1340 3236 indicent,
1364 3150 1492 3215 desunt.
1541 3145 1626 3214 Sunt
1653 3171 1715 3216 eae
1740 3158 1811 3218 tres
1833 3173 1902 3237 res,
2032 3193 2034 3198 ·

284 3263 370 3329 duae
391 3261 559 3346 minores,¹
585 3283 672 3349 quae
695 3261 738 3326 ad
759 3262 935 3330 verborum
964 3261 1121 3348 erigonam
1147 3261 1363 3327 mutationem
1390 3257 1595 3346 pertineant,
1626 3261 1729 3327 tertia
1751 3263 1903 3350 quamvis

284 3395 387 3460 parva
409 3396 485 3440 esse
506 3374 678 3460 videatur,
711 3373 819 3460 ipsam
840 3373 1064 3440 narrationem
1086 3373 1230 3459 attingit.
1285 3371 1434 3438 Primum
1455 3371 1541 3438 enim
1569 3371 1626 3437 uhi
1650 3371 1700 3439 sic
1721 3374 1777 3440 edi
1800 3374 1905 3443 soleta

287 3488 383 3552 tostis
405 3487 577 3552 sumserat
597 3507 634 3550 se
654 3484 756 3551 houd
772 3483 880 3549 molto
899 3496 1083 3572 postquam
1102 3484 1309 3571 pestilentia
1328 3487 1371 3548 s'ss
1391 3481 1481 3548 orbe
1493 3485 1648 3570 suerat,
1674 3485 1716 3549 iro
1736 3487 1902 3550 iuuentu-

232 3639 234 3642 -
283 3608 350 3662 tem
368 3608 594 3687 grassantem
615 3596 656 3659 o'os
679 3592 825 3662 Sobara
846 3595 1033 3662 incidisse:
1063 3595 1118 3661 s'ds'
1141 3598 1265 3662 rs'srom
1286 3607 1405 3661 aotam
1427 3615 1517 3678 osse,
1547 3595 1581 3659 in
1602 3594 1794 3664 Veronensi
1815 3598 1904 3684 legi·

285 3717 354 3775 tur:
375 3712 473 3774 sestis
496 3705 814 3796 estiteroollhossd
831 3707 939 3773 multo
956 3721 1143 3794 postquam
1156 3708 1174 3796 ll
1183 3710 1390 3795 pssmleots'a
1410 3709 1451 3773 s'o
1472 3703 1562 3771 arbe
1575 3710 1633 3794 sa
1646 3709 1665 3795 ΙΙ
1679 3718 1760 3774 eros
1779 3709 1822 3774 s’o
1842 3711 1900 3776 sis-

284 3832 458 3886 uectorem
474 3818 743 3910 grosllsoatem
764 3819 806 3884 irc
820 3867 907 3886 ......
922 3817 942 3905 ἸΙ
956 3819 1099 3885 cidissus
1118 3817 1174 3886 aba·
1192 3843 1215 3886 r
1237 3821 1353 3906 (icam
1379 3817 1512 3902 comm)
1525 3815 1545 3902 ll
1562 3841 1646 3888 esso.
1674 3819 1782 3886 Deest
1800 3821 1905 3906 igitur
1938 3836 1943 3845 ’

285 3953 468 4020 pronomen
487 3953 523 3996 se
538 3938 573 3999 et
586 3952 649 4018 pro
662 3929 823 4012 infinitivo
840 3929 999 3996 scribitur
1014 3931 1252 4000 coniunctione.
1286 3931 1404 3996 Utrum
1418 3930 1524 4016 igitur
1538 3939 1732 4016 statuemus,
1744 3953 1901 4019 peccasse

287 4041 519 4112 Veronensum
540 4042 712 4111 librarium
735 4065 777 4109 an
799 4043 890 4109 eliud
912 4040 945 4107 in
968 4041 1244 4131 exemplo‚{quod
1259 4041 1480 4127 describeret,
1502 4041 1692 4110 invenisset
1714 4043 1792 4109 lloc
1811 4042 1909 4109 vide·

286 4164 341 4223 tur
364 4178 439 4224 esse
460 4155 676 4241 probabilius.
721 4153 852 4222 Etenim
875 4175 973 4240 quem
994 4173 1149 4220 mancum
1170 4153 1364 4242 reliquimus
1385 4171 1517 4220 versum
1540 4154 1569 4217 si
1592 4155 1749 4244 suppleas
1772 4164 1907 4219 scotera

286 4271 328 4334 iss
351 4267 498 4336 Sobora
518 4270 559 4334 s'o
572 4267 756 4354 lleida’ssra
777 4285 843 4332 nen
865 4286 1001 4353 prorsus
1023 4269 1164 4332 recedas
1188 4289 1208 4332 a
1234 4286 1327 4332 more
1355 4263 1483 4330 codicis
1509 4253 1601 4348 (nani
1624 4276 1701 4332 sunt
1723 4266 1822 4334 etiam
1846 4265 1903 4333 alii

287 4403 372 4448 uuus
394 4387 428 4446 et
448 4377 536 4445 alter
556 4378 611 4446 vel
632 4379 771 4446 totidem
792 4378 848 4445 vel
869 4377 1062 4464 pauciorum
1083 4378 1269 4444 litterarum
1283 4374 1429 4460 versus),
1451 4375 1513 4440 sed
1534 4367 1600 4442 non
1622 4377 1731 4465 magis
1753 4378 1908 4462 recedas,

289 4493 320 4558 si
340 4489 539 4580 particulam
564 4511 644 4556 com
664 4491 794 4558 inseres
817 4495 1012 4577 constetque
1041 4491 1147 4555 oratio
1170 4492 1244 4576 ipsa
1266 4489 1401 4575 optime.
1453 4486 1564 4562 Quare
1591 4489 1621 4554 si
1642 4489 1904 4577 frequentiorem

290 4603 564 4672 eonsuetudinem
586 4598 780 4690 sequemur,
798 4602 913 4678 ¹levem
936 4599 1265 4682 symmachianorum
1289 4608 1322 4668 et
1345 4608 1532 4668 ceterorum
1555 4601 1707 4674 codicum
1730 4602 1906 4669 diversita-

241 4783 245 4797 ,
290 4724 359 4784 tom
374 4716 589 4803 reperiamus.
634 4713 741 4781 Paulo
762 4724 840 4801 post
853 4735 969 4782 omnes
991 4715 1064 4781 cod.
1087 4712 1197 4782 adhuc
1217 4714 1286 4783 noti
1302 4713 1478 4801 praebents
1499 4733 1565 4778 ¹uso
1585 4711 1657 4778 rs'bs'
1675 4733 1750 4780 rem
1772 4715 1910 4802 eaeque·

1658 4827 1680 4895 l
