4222 5548
1870 265 1920 362 ιι,

301 513 377 563 esse
399 492 473 584 ipse
495 490 547 558 vir
569 486 847 574 diligentissimus
870 485 1034 570 ostendit,
1064 487 1119 574 qui
1149 509 1221 552 cnm
1245 486 1321 552 aliis
1342 485 1502 554 sortasse
1515 485 1600 554 lucis
1623 488 1830 558 minusverc
1851 499 1927 558 tra··

299 601 434 688 diderit,
453 612 539 669 tum
546 600 649 668 semel
672 607 764 667 certe
785 601 873 688 quod
895 620 971 665 esse
994 597 1026 664 iu
1049 598 1166 664 codice
1188 597 1245 663 vix
1267 606 1380 684 potest
1401 621 1463 674 uec
1483 621 1545 665 nus
1560 601 1818 688 observavimus,
1841 625 1920 669 euo-

297 713 391 786 tarit.
449 701 680 780 Gommuuiter
696 711 815 800 igitur,
846 719 884 776 ut
908 712 1031 778 dictum
1055 719 1123 796 est,
1157 709 1241 775 baec
1269 729 1407 796 agamus
1434 713 1498 776 n'ec
1513 711 1694 789 internos
1716 713 1922 832 incusantes,

300 827 389 917 quod
407 826 551 916 quisque
572 823 747 909 invenerit,
767 825 811 888 ad
833 823 1019 889 litterarum
1041 823 1227 887 nostrarum
1249 821 1427 890 utilitatem
1450 820 1669 904 conferamus.

454 935 531 1010 Qua
552 943 663 1002 autem
686 935 798 1002 aetate
822 934 963 1022 scriptus
984 934 1031 999 sit
1053 934 1162 1000 codex
1177 930 1394 1018 Veronensis,
1415 956 1479 1000 nec
1495 931 1645 1000 Blumius
1658 935 1745 1002 dixit
1759 959 1823 1003 nec
1837 937 1929 1004 llet-=·

300 1047 419 1117 leison.
443 1047 510 1114 uisi
532 1068 656 1135 genere
678 1045 876 1132 scripturae,
898 1065 994 1132 quum
1017 1029 1130 1128 habet,
1156 1042 1334 1130 diligenter
1356 1045 1528 1132 exploratu
1552 1045 1681 1113 definiri
1703 1069 1804 1134 posse
1826 1057 1927 1138 puta·

199 1228 202 1236 ,
300 1161 359 1229 rit.
404 1161 476 1227 Nec
497 1181 559 1226 uos
579 1155 731 1246 prolecto
755 1155 963 1241 definiemus,
988 1157 1048 1222 sed
1070 1156 1100 1221 si
1122 1145 1334 1241 comparetur
1354 1155 1519 1223 Livianus
1541 1159 1651 1224 codex
1673 1159 1755 1226 cum'
1768 1158 1923 1226 Pliniana

303 1272 483 1359 rescripto,
520 1293 618 1359 quem
640 1267 695 1336 Fr.
717 1265 852 1334 Meuius
874 1269 929 1356 qui
952 1268 1079 1355 primus
1102 1266 1207 1334 edidit
1214 1265 1329 1354 ,item
1351 1265 1587 1346 veronensem,
1606 1268 1737 1358 origiue
1760 1270 1929 1337 ciusdem

256 1451 261 1472 Ι
303 1405 367 1468 quc
399 1381 625 1449 bibliothecae
658 1379 855 1466 capitularis
882 1378 988 1446 luisse
1017 1379 1208 1465 existimat,
1246 1379 1432 1446 simillimus
1447 1379 1534 1446 ‘lere
1556 1380 1594 1444 ‘ei
1623 1402 1699 1447 esse
1726 1381 1926 1469 reperiatur.

231 1494 233 1500 ’
303 1489 420 1559 Unum
435 1495 501 1560 hcc
522 1491 671 1578 intersint,
709 1492 798 1580 quod
820 1489 981 1558 Livianus
1009 1488 1110 1576 paulu
1137 1481 1404 1578 magnificentius
1430 1492 1583 1558 videatur
1611 1511 1687 1559 cese
1715 1495 1860 1580 scriptus
1883 1491 1949 1560 ac'

303 1605 378 1704 ιιιιι
406 1608 531 1672 maiore
561 1605 826 1671 membranarum
854 1602 963 1688 copia.
1016 1600 1182 1673 Quare
1155 1625 1183 1667 su
1212 1599 1400 1668 Pliniauum
1428 1601 1562 1667 Munius
1589 1612 1682 1668 recte
1711 1605 1843 1669 saeculo
1870 1604 1929 1671 vcl

304 1717 423 1804 quarto
446 1717 581 1780 exeunti
603 1713 657 1782 ιιι
679 1717 790 1802 quinto
814 1714 940 1780 ineunti
962 1713 1093 1797 tribuit,
1117 1713 1225 1780 eidem
1247 1712 1323 1779 fere
1342 1714 1445 1780 aetati
1467 1711 1702 1780 tribuendus
1684 1699 1747 1780 crit
1761 1715 1925 1782 Livianus

286 1827 412 1912 'neque
435 1833 527 1895 certe
552 1827 698 1914 quamvis
722 1824 902 1912 diligenter
923 1825 1124 1911 scripturae,
1141 1823 1207 1912 que
1229 1823 1385 1890 librarius
1408 1826 1480 1891 eius
1501 1847 1581 1892 ursus
1603 1831 1671 1908 est,
1687 1849 1793 1914 genus
1808 1826 1927 1914 explo-

304 1957 429 2022 remus,
450 1942 488 2001 nt
509 1937 612 2003 multu
635 1937 778 2010 artiores
800 1937 938 2022 originis
960 1936 1045 2003 linea
1067 1935 1306 2002 constituamus
1329 1933 1401 2002 lieri
1418 1939 1560 2022 poterit,
1597 1937 1800 2028 Quamquam
1818 1939 1927 2026 ipsum

305 2069 424 2112 anuum
448 2069 644 2136 cuperemus
666 2069 766 2134 posse
790 2047 929 2122 «inliniri.
980 2047 1129 2134 Etenim,
1150 2049 1239 2134 quod
1263 2047 1359 2114 initio
1382 2049 1480 2113 huius
1503 2049 1736 2134 disputationis
1757 2047 1924 2137 siguifica-

306 2159 429 2243 vimus,
457 2159 574 2226 eadem
598 2165 710 2225 betete
730 2159 818 2228 vixit
845 2159 884 2234 Q.
911 2159 1149 2243 Symmachus,
1176 2157 1231 2245 qui
1259 2180 1333 2224 cum
1361 2160 1477 2226 amicis
1505 2160 1575 2226 suis
1605 2167 1740 2248 operam
1769 2160 1803 2225 iu
1824 2160 1927 2228 Livio'
1983 2166 1986 2173 '

309 2271 528 2342 describendo
557 2278 659 2359 atque
686 2272 894 2338 emendando
922 2272 1042 2358 posuit.
1104 2269 1207 2340 Cuius
1243 2292 1366 2355 operae
1395 2279 1500 2338 testes
1528 2263 1605 2337 suut¹
1631 2272 1758 2357 primae
1787 2272 1932 2337 decadis.

287 2381 569 2467 'subscriptiones
601 2403 687 2468 quae
721 2382 769 2446 iu
790 2382 914 2448 ceteris
947 2380 1110 2448 Liviauis
1135 2381 1306 2500 codicibus
1339 2383 1565 2468 reperiuntur,
1595 2383 1635 2448 ah
1664 2383 1705 2450 0.
1733 2382 1849 2448 lahnic
1877 2383 1931 2448 sic
1987 2395 1988 2404 ’

303 2494 496 2570 restitutae.
836 2497 837 2502 ’
1211 2511 1213 2514 ·

355 2604 618 2671 Nicomachus
640 2605 821 2672 Flavianus
841 2629 872 2671 v.
896 2627 925 2674 c
948 2603 1002 2669 lll
1025 2603 1186 2691 praeleet.
1208 2569 1301 2670 urhis
1324 2603 1495 2673 emendavi
1519 2609 1608 2692 apud
1629 2605 1782 2673 Hennam

394 2715 616 2782 Nicomachus
638 2715 771 2784 Dexter
791 2739 821 2784 v
845 2739 873 2783 c.
898 2715 1070 2782 emendavi
1093 2716 1135 2780 ad
1158 2713 1344 2803 exemplum
1367 2719 1518 2805 parentis
1538 2719 1603 2784 mei
1627 2717 1847 2784 Clementiani

396 2824 614 2894 Victorianus
634 2851 666 2898 v.
690 2851 719 2894 c.
741 2826 961 2895 emendabam
984 2826 1113 2894 domnis
1136 2823 1356 2908 Symmachis.

462 2940 611 3013 Quarum
632 2917 911 3026 subscriptionum
938 2948 1088 3027 tempora
1108 2957 1174 3001 non
1197 2938 1314 3004 eadem
1344 2961 1420 3007 esse
1442 2941 1673 3026 perspicimus.
1717 2939 1802 3006 Nam
1826 2940 1935 3006 domi·

309 3072 372 3116 nos
401 3049 619 3132 Symmachus
647 3051 681 3116 ai
706 3051 872 3119 celebrem
901 3049 1005 3117 illum
1022 3050 1063 3123 Q.
1087 3047 1334 3134 Symmachum,
1364 3072 1432 3118 eos.
1462 3074 1514 3118 au.
1544 3051 1627 3136 384,
1659 3053 1733 3118 cum
1762 3050 1848 3135 filio,
1875 3050 1933 3138 qui

310 3161 402 3228 circa
424 3183 544 3230 aunum
566 3161 946 3254 391·quacstur,'auno
969 3163 1034 3231 399
1055 3167 1192 3248 praetor
1216 3159 1284 3225 fuit
1309 3161 1399 3245 (vide
1428 3163 1469 3232 G.
1493 3162 1533 3236 B.
1557 3166 1599 3230 de
1620 3161 1721 3231 Ross.
1750 3161 1783 3230 iu
1806 3161 1928 3232 Annul.

246 3309 250 3320 ·
309 3270 392 3340 lust.
415 3275 506 3342 arch.
528 3273 616 3340 xxl
636 3298 668 3363 p.
691 3274 769 3360 334)
792 3275 863 3343 sive
885 3260 1086 3341 cumfratre
1108 3272 1179 3354 sive
1202 3258 1343 3361 denique
1366 3296 1440 3342 cum
1462 3283 1571 3362 patre,
1593 3297 1659 3343 coe.
1683 3275 1770 3370 anui·
1783 3274 1859 3359 365,
1881 3273 1933 3340 iu·

312 3383 497 3474 telligimus
518 3385 573 3470 (ac
595 3385 786 3468 Symmachi
809 3385 947 3472 eiusque
970 3383 1184 3474 epistularum
1205 3385 1353 3452 rationes
1377 3386 1424 3450 ita
1445 3385 1589 3452 latemur
1607 3385 1686 3453 esse
1707 3387 1932 3475 perturbatas,

313 3501 350 3558 ut
371 3518 433 3562 uec
455 3505 548 3564 certo
569 3498 783 3585 pronuntiare
805 3517 869 3563 uec
891 3503 1055 3563 tantarum
1078 3493 1311 3561 difficultatum
1327 3495 1541 3584 quaestiones
1560 3499 1701 3584 aggredi
1723 3497 1936 3582 audeamus),

261 3591 264 3596 ¹
313 3603 529 3698 quodcunque
551 3610 655 3695 igitur
675 3610 718 3676 de
742 3608 884 3675 domiuis
906 3606 1119 3690 Syrumacbis
1140 3607 1326 3693 statuimus,
1350 3608 1522 3674 dummodo
1545 3605 1671 3674 clarum
1693 3605 1786 3676 illum
1809 3607 1934 3697 epistu-

310 3700 420 3784 larum
442 3729 622 3786 auctorem·
641 3721 706 3787 dici
725 3716 894 3810 putemus,
922 3721 964 3786 ad
985 3717 1109 3785 saeculi
1131 3719 1240 3806 quarti
1262 3717 1337 3802 fere
1352 3719 1478 3786 exitum
1498 3715 1717 3808 pervenimus.
1761 3719 1846 3786 Nam
1866 3717 1928 3788 Vi-

314 3830 496 3917 ctorianus,
520 3832 671 3919 quamvis
689 3853 765 3900 esse
787 3826 1415 3922 videatur'l'ascius'illellictoriurius,
1438 3832 1493 3918 qui
1516 3811 1604 3920 apud
1620 3830 1815 3920 Sin-Apoll.
1831 3827 1931 3912 Vlll,

315 3935 533 4028 3laudatur,
563 3942 686 4009 ‘tumen‘
704 3963 767 4031 quc
798 3941 948 4031 tempure
981 3942 1068 4008 banc
1094 3940 1306 4024 Symmacbis
1336 3965 1472 4028 operam
1500 3944 1724 4029 praestiterit,
1756 3942 1932 4010 nescimus.

315 4051 389 4119 Nec
412 4055 498 4141 quod
519 4053 738 4138 Symmachus
759 4057 858 4142 epist.
879 4052 944 4138 lx,
966 4055 1007 4122 13
1030 4055 1094 4120 ait:
1114 4051 1251 4118 Munus
1273 4054 1381 4120 totius
1397 4053 1558 4120 'Liviani
1578 4059 1711 4142 operio,
1736 4052 1833 4143 quod
1850 4073 1932 4141 upo-

314 4164 441 4253 poadi,
463 4167 666 4231 etiamnunc
687 4165 880 4256 diligentia
901 4165 1155 4231 emendationis
1174 4177 1349 4232 murator.
1394 4163 1471 4230 Sed
1481 4173 1505 4229 c
1526 4178 1560 4230 te
1572 4163 1750 4253 praedicti
1769 4162 1934 4236 maineriu-

314 4298 422 4366 porco
447 4258 635 4361 uectorem,
674 4280 762 4366 puio
788 4297 879 4342 meur
900 4278 1109 4363 praetorius
1136 4262 1333 4365 apparetur
1357 4276 1511 4364 sparsim
1543 4280 1586 4342 im
1613 4277 1813 4367 longinquo
1840 4275 1927 4365 egit,

318 4389 417 4455 buius
439 4389 694 4476 subscriptionis
715 4393 847 4476 tempus
870 4387 994 4456 definit.
1020 4387 1123 4454 'Nam
1145 4389 1433 4476 uccpraiiuriam
1454 4389 1726 4478 apparatumqni
1748 4386 1795 4452 sit
1809 4386 1937 4452 scimus

318 4524 382 4568 uec
401 4498 517 4568 hercle
540 4499 622 4566 illud
644 4499 832 4588 exemplum
853 4499 1049 4584 Liuianum,
1085 4501 1170 4586 quod
1193 4509 1273 4566 tuuc
1295 4500 1548 4568 describendum
1570 4510 1670 4588 atquc
1693 4497 1937 4566 emendandum

319 4613 507 4696 curabatur,
528 4614 603 4678 e'sse
625 4610 706 4696 hoc,
722 4612 776 4678 cui
786 4609 1002 4678 Victorianus
1024 4629 1159 4695 operam
1180 4610 1354 4697 impendit,
1376 4621 1434 4678 aut
1454 4635 1595 4680 neccsse
1609 4619 1667 4676 aut
1680 4607 1854 4700 probabile
1870 4615 1932 4675 ιιι.

319 4723 365 4790 At
386 4723 445 4790 ille
466 4721 688 4792 Nicomachus
710 4720 904 4810 Flavianus,
930 4721 1155 4808 euius'prima
1181 4721 1214 4787 in
1243 4724 1313 4790 eorl.
1341 4725 1403 4791 nis.
1431 4724 1585 4790 collocati
1612 4720 1699 4788 solet
1720 4719 1938 4808 subscriptio,

1666 4835 1686 4900 3
