4222 5548
261 245 320 320 ¹20

263 465 370 530 posse
381 442 491 531 ‘paulo
510 427 591 529 post
606 442 773 527 dicemus,
796 460 825 509 c.
836 441 863 510 ¹8
884 442 935 508 ad
950 442 1016 531 pot
1027 441 1213 530 tprcbls'oam
1227 463 1352 510 carran
1365 442 1547 526 syllabain
1562 440 1657 512 exitu
1670 442 1786 511 semus
1799 443 1889 512 mala

157 569 158 578 ¹
268 555 424 642 repetita,
446 552 547 641 paulo
570 562 646 640 post
665 551 851 641 praebitus
874 565 997 619 terror
1018 555 1133 644 mugio
1155 539 1363 624 recondito.
1408 555 1459 621 Ea
1480 554 1589 641 attuli,
1618 575 1705 643 quae
1727 563 1763 621 et
1783 573 1886 644 appa·

263 669 381 734 rorent
402 688 465 732 noc
487 665 521 730 in
544 665 621 731 aliis
643 664 815 732 codicibus
829 665 1091 750 reperirentur,
1109 666 1173 731 nisi
1202 669 1287 753 quod
1316 665 1456 754 Sulpicii
1482 687 1687 754 praenomen
1714 666 1747 732 in
1770 689 1887 734 recen·

193 765 194 772 '
263 777 398 844 tissimo
419 777 581 844 insitam
605 775 804 861 Seruilius,
833 775 934 842 solita
960 775 1168 844 librariorum
1192 777 1403 861 confusione,
1431 777 1599 845 scribitur.
1644 777 1717 843 Non
1744 799 1887 844 comma-

260 887 406 969 jmoravi,
426 890 511 976 quod
535 907 564 954 c.
588 890 608 955 7
630 885 892 956 fin.«l)otletsen.
913 895 1080 976 tamquam
1103 911 1148 955 cx
1163 887 1354 959 Voroircnsi
1377 890 1546 977 expressit
1566 889 1766 976 inopspace
1785 911 1887 953 seno·

249 997 328 1065 'tas
348 1000 488 1096 cumlis'
509 999 665 1066 nomam·
684 1001 734 1065 od
752 999 832 1064 deos
857 1001 1167 1087 populum-cocat,
1191 1001 1224 1067 in
1247 1021 1310 1088 quo
1333 1000 1406 1086 ipse
1429 1001 1540 1089 potius
1562 1001 1693 1068 videtur
1707 1021 1887 1086 peccasse,

265 1133 345 1177 aaa]
368 1133 444 1194 nos,
465 1112 551 1197 quod
574 1133 650 1178 esse
672 1133 810 1178 necesse
833 1118 901 1194 est,
922 1112 1065 1177 ausilii
1083 1109 1233 1178 damasi
1252 1111 1414 1200 legimus,
1437 1135 1499 1180 noo
1521 1111 1603 1178 illud
1625 1133 1778 1198 numero,
1799 1113 1889 1197 quod
1924 1095 1928 1102 ⁵

268 1217 349 1288 Ver.
363 1221 465 1288 babet
484 1221 725 1287 Tusculanam
737 1243 835 1310 ¹ogra
850 1220 868 1308 ll
881 1224 1034 1310 opimum
1056 1223 1189 1310 copiis,-
1213 1244 1290 1290 uam
1313 1223 1362 1292 sic
1383 1245 1445 1290 nos
1469 1244 1597 1310 quoque
1611 1225 1763 1292 vidimus.
1791 1223 1886 1298 Quae

265 1331 354 1399 enirn
375 1332 523 1418 litteram
550 1356 584 1396 m
610 1333 646 1397 ia
674 1333 766 1398 exitu
783 1356 948 1428 ,versuum
975 1333 1302 1422 lincola'imposita,
1336 1335 1394 1402 sed
1423 1334 1595 1423 paululum
1630 1343 1728 1402 extra
1754 1348 1888 1401 versum

266 1451 387 1510 extans
410 1441 598 1531 significare
621 1443 718 1528 solet,
739 1467 836 1532 quam
858 1444 960 1512 facile
982 1445 1056 1512 lieri
1078 1445 1199 1534 potnit,
1220 1455 1256 1512 ut
1278 1453 1337 1512 aut
1357 1469 1379 1511 a
1400 1446 1538 1514 librario
1558 1447 1668 1514 minus
1683 1448 1888 1530 attendente,
1955 1445 1959 1452 '

266 1555 327 1620 sed
349 1577 466 1641 parum
488 1562 598 1621 tamen
615 1564 775 1641 peccante
791 1556 1001 1636 omitteretur
1015 1549 1073 1624 aut
1086 1564 1238 1643 tempora
1253 1557 1367 1624 deleta
1380 1565 1556 1647 utrumque
1570 1567 1719 1624 nostrum
1734 1555 1901 1624 falloretl-

246 1664 248 1668 ’
266 1664 409 1730 Omnino
432 1665 516 1732 baec
537 1666 671 1732 litterae
693 1691 725 1732 m
747 1667 802 1733 vel
824 1667 960 1734 omissio
982 1668 1036 1736 vel
1058 1667 1204 1735 adiectio
1225 1690 1287 1755 pro
1309 1669 1391 1736 vitio
1413 1671 1470 1736 vix
1492 1677 1605 1756 potest
1633 1669 1768 1754 baberi,
1796 1670 1890 1736 velut

264 1773 332 1860 ΙΙΙ,
346 1777 388 1842 30
411 1777 444 1842 in
468 1778 529 1843 boc
544 1775 734 1856 Veronensi
756 1779 881 1864 legitur
901 1779 1109 1846 Corbionem
1124 1779 1288 1844 amissam
1301 1782 1542 1868 praesidium,
1561 1779 1626 1863 lv,
1641 1781 1694 1850 21⁴
1706 1784 1747 1847 ιἰι
1762 1779 1883 1844 realem

262 1877 438 1978 agriopae
462 1897 496 1954 et
518 1890 716 1956 exercitam
737 1890 866 1972 accito,
898 1889 942 1974 V,
963 1892 1007 1959 ll
1029 1893 1080 1956 ud
1097 1891 1218 1975 ccede,
1245 1913 1318 1958 noa
1340 1879 1390 1956 od
1405 1913 1582 1982 pagum,
1610 1914 1670 1958 uec
1693 1892 1761 1958 ullo
1785 1901 1884 1979 pacto

155 1986 158 1991 ¹
264 2019 326 2075 nos
352 2008 477 2083 movet,
505 2001 591 2086 quod
619 1999 690 2082 lIl,
719 2002 762 2068 62
790 2009 842 2067 cst
868 2003 909 2066 sio
935 2000 1123 2066 sinistram
1151 2023 1299 2068 cornum
1327 2004 1571 2070 Rornanorum
1605 2002 1695 2070 clare
1723 2025 1886 2092 expressa

261 2110 380 2181 littera
393 2131 444 2178 mc
461 2109 548 2182 'cuo
564 2111 671 2197 magis
685 2113 866 2192 cauendum
890 2119 942 2177 est
963 2111 998 2178 in
1017 2115 1176 2192 mendoso
1199 2113 1256 2180 illo
1280 2115 1411 2182 dicendi
1433 2138 1569 2200 genere,
1592 2139 1664 2182 cum
1681 2115 1884 2203 praepositio
1996 2209 1998 2212 Ι

206 2291 211 2300 ,
263 2224 306 2288 ιἰι
327 2221 428 2288 verbo
451 2241 523 2286 esre
544 2222 745 2290 similibnsve
768 2224 898 2308 adiecta¹
926 2225 1149 2292 accusativum
1171 2248 1290 2312 regere
1306 2235 1457 2314 putatur,
1484 2236 1521 2292 ut
1539 2229 1820 2315 terpretatorem,
1843 2229 1886 2292 o‘n

264 2333 436 2400 ditionem
470 2353 559 2414 csse,
599 2355 760 2415 monuere,
801 2329 884 2421 quos
918 2333 1009 2400 locos
1041 2345 1179 2423 propter
1206 2320 1313 2426 ipsam
1349 2339 1481 2406 dicendi
1507 2331 1745 2427 antiquitatem¹
1768 2339 1885 2407 venari
1914 2415 1917 2419 ,

263 2444 426 2539 solemus,
455 2465 496 2509 ne
520 2439 621 2510 etiam
645 2451 761 2510 contra
783 2423 935 2510 co¹dioum
959 2448 1193 2512 auctoritatem
1217 2471 1358 2535 peccare
1381 2452 1564 2536 scriptores
1586 2451 1735 2521 velimus.
1780 2450 1885 2520 Velut

265 2553 330 2638 vl,
353 2555 374 2619 2
397 2576 471 2619 cnm
493 2576 577 2620 nuuc
595 2555 658 2646 pedi
686 2554 794 2622 soleat
823 2557 982 2644 qai-per·
1004 2579 1115 2622 aanor
1134 2581 1250 2647 prope
1271 2573 1410 2626 contem
1431 2583 1613 2649 aarsqcom
1627 2561 1885 2652 ambigaufide
1927 2581 1934 2590 ’

267 2667 309 2730 s‘a
330 2665 521 2730 amicitiam
539 2667 671 2752 populi
691 2666 848 2732 Romani
857 2669 1038 2754 suescat,
1069 2671 1157 2756 quod
1186 2669 1233 2736 ita
1261 2672 1296 2737 in
1324 2671 1414 2739 Med.
1439 2675 1512 2740 cod.
1542 2697 1618 2740 esse
1645 2661 1885 2742 Alschefskius

265 2775 389 2860 tradit,
419 2777 503 2842 bunc
525 2777 674 2863 quidem,
702 2801 776 2843 cum
805 2779 913 2844 denuo
942 2778 1127 2846 conferrem
1134 2830 1146 2866 ,
1174 2791 1290 2868 aperto
1317 2784 1365 2848 ia·
1386 2785 1544 2850 omo'cito‘c
1571 2785 1697 2850 habere
1723 2784 1810 2868 vidi,
1837 2794 1886 2868 ut,
1951 2799 1957 2806 “

266 2887 420 2972 quoniam
452 2887 551 2952 etiam
576 2887 748 2956 Parisinus
776 2889 955 2956 ablativum
981 2897 1110 2977 tuctur,
1138 2873 1284 2980 reliquos
1311 2897 1383 2962 cod.
1412 2918 1474 2961 non
1502 2894 1609 2961 malos
1637 2893 1712 2960 illos
1739 2895 1884 2982 quidem,

266 2998 327 3062 scd
349 3005 460 3063 tamen
483 3000 665 3066 deteriores
688 3007 900 3067 contemnere
923 3003 1075 3089 quodque
1090 3004 1328 3090 grammaticae
1343 2985 1545 3073 consuetudo
1561 3006 1717 3093 postulat,
1737 3005 1884 3073 retinere

265 3109 455 3176 debeamus,
498 3108 568 3176 Sed
591 3109 684 3176 si'ab
708 3109 760 3174 his
789 3119 823 3177 et
852 3112 893 3177 ab
916 3112 977 3194 iis,
1004 3135 1089 3200 quae
1118 3114 1256 3182 oliorum
1284 3116 1434 3182 codicum
1462 3115 1648 3184 eommunia
1674 3125 1750 3182 sunt
1779 3126 1813 3184 et
1841 3118 1883 3182 ab
1942 3100 1944 3112 ’

266 3220 526 3306 orthographiae
549 3244 670 3310 magna
692 3221 914 3288 inconstantia
936 3224 1159 3312 discedamus,
1182 3245 1294 3293 noune
1316 3227 1434 3294 mirum
1449 3228 1626 3310 violabitur,
1649 3228 1746 3295 unius
1761 3229 1885 3316 capitis

266 3331 374 3418 spatio
397 3331 518 3398 totiens
546 3355 622 3400 esse
652 3339 844 3418 peccatum?
894 3321 945 3400 llu
972 3335 1076 3422 igitur
1102 3359 1185 3424 quae
1214 3339 1421 3424 corrigerent
1449 3341 1700 3426 emendatores,
1728 3341 1883 3426 adquae

265 3439 414 3507 tollenda
434 3464 499 3509 uec
520 3467 641 3532 inagna
664 3444 811 3510 doctrina
832 3468 894 3512 nec
916 3445 1039 3533 insigni
1062 3448 1238 3536 diligentia
1260 3472 1343 3538 opus
1359 3459 1461 3536 esset,
1482 3475 1569 3541 quae
1585 3475 1628 3519 ex
1642 3473 1736 3519 mera
1748 3450 1884 3516 litteras

264 3552 435 3639 pingentis
461 3556 673 3641 »negligentia
705 3557 859 3622 videntur
893 3580 969 3624 esse
1004 3565 1091 3624 orta:
1124 3582 1210 3647 quae
1239 3585 1310 3628 curu
1345 3563 1380 3628 in
1403 3555 1594 3632 'Veronensi
1626 3545 1742 3628 codice
1771 3563 1883 3649 qualia

265 3663 390 3750 scriptu
413 3666 926 3752 orant,relinquantur,nnllu1n
950 3673 1197 3755 emendatorem
1225 3672 1412 3752 adhibitum¹
1435 3697 1511 3742 esse
1534 3676 1771 3742 demonstrant.
1814 3673 1881 3738 Nc·
1988 3721 1991 3736 .

262 3797 328 3862 que
351 3775 436 3842 baec
459 3777 621 3843 eiusmodi
642 3786 729 3863 sunt,
751 3787 787 3844 ut
802 3778 992 3848 Veronensi
1014 3782 1149 3848 librario
1170 3782 1461 3864 Symmachianum
1490 3785 1674 3872 exemplum
1705 3785 1770 3868 (sic
1792 3784 1900 3874 enim,

267 3889 365 3976 quod
379 3888 421 3952 ab
450 3887 521 3952 eius
549 3887 665 3954 amicis
695 3892 903 3964 emendatum
925 3901 1013 3978 erat,
1035 3893 1290 3981 appellabimus)
1313 3897 1399 3963 rurale
1429 3897 1638 3982 exprimente
1667 3895 1778 3981 potins
1806 3902 1883 3960 orta

266 4020 342 4066 esse
363 3999 538 4089 videantur
559 4023 653 4087 quam
680 4023 724 4067 ex
744 4001 897 4070 diversae
926 4004 1064 4090 originis
1092 4006 1223 4089 codice,
1253 4010 1295 4072 de
1322 4031 1387 4095 qua
1411 4030 1450 4074 re
1474 4008 1599 4096 siquis
1628 4027 1714 4074 nunc
1741 4005 1881 4092 dubitet,

266 4108 297 4174 ei
319 4109 586 4195 quaedeinceps
611 4111 860 4206 disputabimus,
881 4117 1136 4202 persuadebunt.
1826 4179 1828 4186 ,

417 4219 657 4305 Comparemus
687 4247 761 4290 cum
791 4224 843 4290 bis
873 4223 1014 4292 Medicai
1044 4229 1172 4294 codicis
1200 4230 1242 4294 ab
1272 4227 1488 4296 Alschefskio
1519 4229 1632 4295 collati
1658 4239 1807 4297 errorem
1842 4231 1880 4296 ia

264 4335 381 4400 ecdem
404 4332 525 4420 capitis
548 4334 656 4417 spatio
680 4327 778 4402 uuum
800 4358 967 4422 magnmn,
990 4337 1137 4425 reliquos
1159 4359 1240 4406 sane
1264 4338 1403 4427 exiguos
1419 4348 1495 4408 es'se
1510 4341 1730 4426 reperiemus,
1752 4341 1881 4430 nullum

264 4443 437 4527 eiusmodi,
461 4451 500 4510 ut
519 4453 693 4529 appareat,
715 4454 751 4514 ut
773 4447 972 4516 sententiam
992 4439 1175 4535 perturbat,
1196 4457 1233 4515 ut
1254 4454 1298 4518 ab
1322 4475 1374 4536 eo,
1394 4453 1448 4539 qui
1465 4453 1674 4519 emendatius
1687 4451 1879 4539 exornpluus

222 4613 223 4618 ,
266 4575 339 4644 ιιι1
355 4555 520 4640 conferat,
542 4553 641 4623 facile
664 4557 954 4635 animadvertatur.
1004 4559 1161 4646 Magnum
1193 4569 1303 4629 autam
1334 4570 1402 4647 est,
1429 4565 1599 4651 quod'pro
1622 4588 1663 4630 eo
1685 4565 1772 4652 quod
1796 4561 1878 4630 Ver,

263 4663 365 4734 habet
385 4671 426 4734 iu
448 4679 545 4736 costo
568 4691 609 4734 oc
631 4669 982 4738 desertodocoo‘ntrr
1003 4669 1114 4756 tabem
1136 4680 1191 4756 (ac
1214 4670 1264 4742 sic
1280 4693 1363 4742 essa
1385 4677 1544 4764 oportet),
1573 4674 1801 4744 blod.,.scribit
1822 4676 1885 4742 im
