4222 5548
261 221 337 365 'aa
387 321 391 334 „
468 309 477 322 -

286 467 369 534 tium
392 464 525 557 aliquod
547 464 715 532 oooiderat
734 464 790 533 vol
811 475 892 530 earu
913 461 1024 552 aliquo
1044 459 1098 528 vel
1121 459 1271 548 denique,
1293 463 1382 549 quod
1403 459 1507 528 verba
1528 467 1908 546 paamreoteeoutue.

286 584 408 665 gentes
431 578 521 662 (nam
543 575 586 642 iol·
598 576 657 644 ills
679 582 792 642 aetate
812 596 888 644 eum
909 573 1095 640 sententiae
1109 593 1175 640 nou
1190 571 1482 658 distinguerentur,
1503 571 1604 649 etium
1619 574 1822 646 doctioribus
1844 579 1907 648 bo-

285 689 431 756 minibus
452 687 552 776 longe
573 687 711 774 saepius
732 707 831 775 quam
853 683 953 771 vulgo
974 691 1109 772 putatur
1130 682 1295 750 oooidisse
1315 682 1490 771 probabile
1506 685 1572 770 est]
1595 684 1625 752 si
1645 685 1758 757 iussos
1778 690 1824 756 ad
1841 713 1906 778 ps-

192 873 193 882 ,
283 799 412 886 poam
433 798 552 866 referri
576 805 764 886 oporteret,
795 796 891 864 nimis
920 797 1036 862 durum
1063 805 1140 864 esse
1163 792 1414 877 existimabant,
1448 795 1497 862 ita
1519 795 1686 866 mutarint.
1708 835 1712 842 ·
1740 797 1905 889 Superest

142 922 146 932 “
285 918 428 998 quartus.
443 910 549 994 loeus,
570 911 605 977 in
626 931 689 1000 quo
710 931 826 997 parva,
849 909 911 976 sed
932 908 1107 976 admodum
1123 905 1527 992 memorabilis-reperitur
1541 907 1774 996 disorepentia.
1801 911 1906 984 -Nam

285 1041 361 1110 eap.
378 1023 407 1102 ,8
428 1043 543 1090 omnes
566 1022 711 1107 eodiees,
732 1021 786 1108 qni
809 1020 919 1088 adbuo
940 1019 1011 1085 noti
1032 1019 1176 1101 fuerunt,
1196 1017 1375 1103 praebent:
1400 1015 1443 1093 Q.
1461 1016 1595 1094 E'abo’at
1612 1035 1785 1106 praeerat
1802 1023 1905 1112 rain

285 1140 323 1198 at
346 1131 552 1202 Veronensis
575 1132 617 1209 Q.
641 1130 775 1200 Fabe'm
791 1133 1002 1219 praesentas
1015 1110 1208 1214 eminati,
1230 1127 1384 1212 munibus
1395 1127 1518 1196 litteris
1532 1132 1716 1220 expressis,
1730 1157 1796 1202 nou
1809 1145 1905 1226 nota,

287 1254 374 1331 quae
397 1243 430 1310 in
448 1241 593 1311 errorem
607 1246 774 1313 adduaere
794 1250 920 1332 posset,
942 1242 1102 1310 adbibita
1147 1239 1243 1308 Unde
1259 1242 1344 1308 baeo
1359 1241 1483 1312 aneidit
1496 1242 1743 1328 discrepantiae
1765 1243 1906 1316 Uirum,

215 1348 218 1356 ,
286 1375 354 1440 que
377 1356 508 1421 omnino
530 1357 657 1443 pariter
676 1378 791 1424 verum
819 1363 887 1438 est,
922 1353 984 1420 sed
1005 1352 1114 1437 magis
1139 1360 1255 1424 tamen
1281 1352 1418 1439 proprie
1446 1351 1569 1420 dieitur
1589 1359 1800 1443 praesentas
1824 1373 1909 1432 em

287 1465 395 1547 aab&
420 1489 496 1534 nam
518 1489 596 1534 vore
618 1466 726 1534 foisse
748 1464 954 1554 praefectum
975 1462 1093 1534 Livius
1115 1484 1188 1550 eap.
1211 1464 1231 1532 9
1254 1464 1302 1532 ait
1323 1475 1465 1530 renatas
1486 1487 1509 1530 a
1525 1469 1715 1553 praefecto
1737 1467 1840 1538 orbis
1860 1471 1905 1548 Q.

284 1574 406 1646 Radit
427 1589 583 1646 vonatar.
621 1578 712 1646 ¹lriibi
735 1579 869 1668 quidem
891 1582 971 1641 nata
991 1595 1098 1660 prope
1121 1583 1174 1642 est
1195 1575 1281 1644 baeo
1303 1575 1463 1663 suspicio,
1484 1582 1520 1640 ut
1538 1575 1691 1646 homiues
1711 1597 1788 1648 ovim
1808 1604 1905 1671 prae.

287 1685 389 1754 laetis
407 1690 485 1755 'urbi
506 1690 796 1758 ooniuuotissimos
817 1689 908 1772 (nam
931 1694 966 1754 et
987 1684 1180 1767 Symmnobi
1203 1693 1238 1754 et
1258 1684 1438 1755 Flavianus
1460 1686 1534 1756 urbi
1550 1685 1782 1773 praefuerunt}
1803 1693 1908 1762 hono-

285 1797 398 1894 risque
421 1798 493 1866 eins
516 1800 678 1887 dignitate
699 1799 856 1887 impletos
877 1791 1041 1886 putarem,
1069 1799 1157 1884 qnod
1179 1799 1221 1864 de
1243 1798 1388 1886 antiquis
1409 1796 1594 1884 praefeetis
1615 1821 1717 1868 senas
1736 1803 1906 1872 existima·

159 1933 162 1948 ¹
283 1917 374 1992 rent,
396 1911 426 1976 si
448 1934 546 1998 quam
569 1920 696 1980 eertum
717 1933 832 1978 eorum
854 1910 1046 1978 memoriam
1067 1909 1255 1976 invenirent
1275 1910 1390 1999 (atque
1414 1909 1519 1976 altero
1542 1908 1617 1978 loeo
1637 1910 1783 1983 Liviana
1802 1919 1908 1987 verba

287 2021 541 2108 ambiguitatem
563 2024 709 2112 aliquam
730 2022 933 2107 admittunt),
956 2043 1030 2090 eam
1044 2019 1164 2088 tollere
1186 2021 1405 2113 antiquosque
1428 2023 1470 2088 ab
1485 2045 1569 2091 suae
1586 2025 1709 2092 aetatis
1724 2025 1909 2109 praesentis

258 2133 439 2202 diversos
467 2156 544 2200 esse
571 2135 762 2224 significare
789 2134 946 2202 voluisse.
1003 2131 1209 2220 Quamquam
1243 2154 1358 2218 parum
1392 2141 1483 2200 oerte
1518 2132 1552 2202 in
1581 2153 1622 2200 aa
1648 2157 1686 2204 re
1716 2145 1909 2210 constantes

289 2242 426 2313 fuerunt
447 2237 719 2334 probabiliusque
742 2270 815 2314 oum
838 2248 873 2314 iu
894 2246 991 2314 libris
1006 2252 1098 2312 esset
1113 2247 1238 2331 praes.
1262 2257 1358 2326 erat,
1375 2265 1458 2312 unos
1473 2257 1655 2330 manerat,
1679 2245 1802 2314 alteros
1818 2253 1908 2342 quod

290 2357 403 2424 verius
425 2364 507 2433 eret,
522 2341 735 2446 praesentas
756 2371 837 2426 erat
855 2357 1022 2436 effecisse.
1713 2359 1715 2362 ’
1894 2443 1897 2452 ,

308 2483 313 2490 '
408 2529 409 2534 ,
441 2467 713 2537 Examinavimua
736 2491 811 2536 eum
832 2467 941 2552 laeum
956 2468 1142 2551 Liuianum,
1164 2488 1229 2553 quo
1256 2476 1290 2534 et
1303 2467 1511 2536 Veronensis
1533 2470 1643 2534 andex
1658 2471 1911 2565 propesintegar

286 2585 464 2666 astatque
485 2603 508 2646 a
530 2581 657 2648 duobus
685 2581 826 2652 ooliatos
849 2588 885 2646 et
906 2601 986 2646 oasu
1007 2579 1150 2666 quodam
1171 2599 1237 2644 non
1259 2578 1365 2666 ipsius
1386 2581 1497 2665 modo,
1519 2601 1634 2647 verum
1649 2581 1750 2649 etiam
1764 2583 1910 2672 reliqum

287 2710 362 2762 rum
384 2691 537 2758 oodieum
558 2693 727 2780 ingenium
751 2693 907 2780 eognosei
927 2698 1076 2779 poterat,
1112 2689 1344 2776 eoustabitque
1371 2706 1504 2777 eorum,
1542 2713 1627 2779 qnae
1655 2692 1908 2782 disputavimus,

285 2799 425 2886 veritas,
446 2803 579 2871 etiamsi
601 2805 658 2870 alii
680 2805 748 2872 loei
769 2805 878 2871 minus
891 2795 1111 2895 perspicuum
1134 2799 1292 2868 iudieium
1307 2802 1490 2870 admittent.
1535 2800 1695 2892 Sequitur
1707 2805 1797 2872 enim
1811 2805 1907 2888 loeus

285 2912 367 2980 item
394 2915 436 2980 ab
459 2914 646 2985 Detlefsen.
671 2938 852 3004 expressus
872 2914 948 2983 libr.
971 2912 1024 2979 111
1052 2937 1081 2982 o.
1106 2913 1147 2982 12
1161 2915 1212 2984 ,ab
1240 2913 1284 2980 iis
1311 2934 1395 3001 quae
1423 2921 1498 2980 sunt
1526 2914 1626 2980 uitiis
1652 2927 1906 2986 maturaremus

286 3027 554 3115 virtutemque
587 3031 629 3094 ad
657 3048 699 3094 ea
726 3049 812 3114 quae
840 3048 914 3113 oap.
931 3025 986 3094 113
1013 3033 1089 3092 sunt
1116 3001 1328 3113 supplier'abr
1355 3017 1465 3114 angat
1491 3037 1713 3118 sumpturam
1739 3051 1776 3094 se
1798 3031 1841 3098 de
1862 3033 1905 3098 sis

289 3136 496 3223 (damnatolt
520 3161 584 3226 quo
606 3139 681 3206 loeo
696 3134 903 3206 Veronensis
926 3136 998 3204 eod.
1015 3157 1212 3224 quamquam
1234 3135 1317 3202 satis
1339 3138 1512 3204 eommode
1533 3137 1602 3226 legi
1622 3147 1745 3225 potest,
1765 3163 1905 3212 rnauous

286 3254 399 3314 muron
422 3257 475 3316 ost
496 3249 529 3316 in
552 3250 659 3316 altero
681 3249 824 3338 paginae
847 3248 976 3332 ordine,
996 3249 1090 3316 onius
1113 3247 1261 3316 exterior
1281 3269 1360 3338 pars
1382 3269 1456 3314 oum
1479 3248 1614 3316 abseisa
1633 3251 1786 3338 perierit,
1800 3251 1848 3337 tit,-
1868 3264 1905 3322 ut

285 3377 442 3426 versuum
465 3359 539 3428 iere
562 3361 700 3428 dimidia
721 3382 800 3446 pars
821 3360 1041 3429 desideretur.
1109 3377 1111 3384 ·
1681 3427 1685 3433 .

440 3469 517 3538 Hoo
538 3471 612 3540 loeo
635 3470 842 3540 Veronensis
865 3472 938 3539 ood.
952 3471 1119 3538 vitiositas
1133 3470 1241 3536 minus
1254 3477 1403 3559 apparet.
1447 3469 1533 3540 Tria
1553 3471 1627 3540 fere
1642 3473 1794 3562 reperio,
1815 3456 1903 3566 quae

286 3583 448 3651 mendosa
469 3582 554 3664 sint,
574 3584 717 3669 primum
735 3587 871 3650 virtute
892 3585 1092 3666 sr‘naereat,
1113 3585 1200 3668 quod
1222 3582 1252 3648 si
1273 3580 1359 3648 ullus
1381 3585 1575 3652 emendator
1597 3585 1815 3669 aeoessisset,
1835 3610 1902 3656 non

286 3693 430 3760 arbitror
449 3693 641 3763 relieturnm
662 3692 785 3779 inisse,
816 3703 902 3779 tum,
928 3695 984 3760 ubi
1006 3717 1083 3763 esse
1104 3701 1238 3782 oportet
1257 3715 1330 3760 noa
1350 3693 1514 3761 iterando
1535 3677 1677 3781 laudes,
1711 3695 1900 3790 Detlelsen.

238 3838 242 3854 ·
285 3803 416 3871 amavit
436 3826 509 3872 aare
528 3805 582 3874 ia.
605 3826 693 3894 aran
717 3804 737 3892 ΙΙ
760 3805 964 3891 dolandas,
993 3815 1059 3875 'noo
1079 3805 1290 3894 negabimus,
1323 3805 1400 3893 quin
1427 3805 1476 3870 ita
1497 3804 1657 3894 seriptum
1684 3807 1802 3891 faerit,
1833 3811 1928 3900 etsi

285 3936 353 3984 non
375 3917 504 3982 eertum
525 3939 601 3986 esse
623 3926 786 4004 putamus
830 3915 984 4006 Denique
1006 3940 1126 3986 nomen
1148 3918 1231 4004 eius,
1255 3916 1309 4003 qui
1332 3916 1477 3984 maxime
1498 3915 1687 3986 Caesonem
1708 3917 1900 3992 Quinotium

286 4026 539 4112 oriminabatur‚
575 4052 650 4096 oum
671 4028 777 4104 altero
805 4026 878 4096 loeo
898 4037 993 4097 reete
1014 4029 1067 4098 M.
1095 4027 1252 4096 Volroias
1279 4027 1459 4114 soribatur,
1491 4029 1603 4115 priore
1630 4027 1668 4097 U.
1696 4028 1835 4098 matos
1855 4031 1904 4102 ab.

286 4136 472 4206 lletloisen.
496 4161 570 4208 asse
593 4141 728 4208 dieitur:
755 4163 818 4206 nos
839 4137 891 4207 M.
919 4139 1094 4207 Volteium
1115 4162 1182 4207 nou
1203 4158 1279 4206 esse
1301 4137 1484 4206 invenimus
1505 4140 1759 4230 dubitarentque
1782 4165 1825 4209 an
1847 4142 1901 4212 M.

286 4242 432 4320 Vnam
452 4249 571 4334 fuerit,
598 4252 631 4319 in
655 4275 718 4340 quo
732 4239 806 4318 aon
830 4250 1055 4319 diversitatem
1077 4251 1220 4358 nominis
1247 4251 1309 4316 sed
1330 4251 1569 4339 negligentiam
1590 4250 1719 4338 librarii
1747 4255 1789 4321 ab
1811 4253 1902 4322 nullo

287 4363 502 4432 emendatore
524 4363 668 4430 eorreeti
689 4362 977 4450 deprehendimus.
1029 4361 1079 4458 Gi.
1101 4383 1187 4452 quae
1209 4361 1308 4450 paulo
1331 4371 1408 4449 post
1430 4362 1472 4429 de
1495 4362 1613 4432 eodem
1634 4360 1767 4432 nomine
1785 4365 1902 4432 ,uisse-

283 4482 348 4542 tur.
371 4472 567 4550 ,Medieeus
589 4473 646 4540 bie
666 4476 800 4563 quidem
821 4489 928 4563 prope
950 4475 1142 4566 ruendosior
1164 4480 1226 4557 est,
1243 4474 1286 4540 'in
1307 4471 1351 4540 iis
1373 4481 1496 4559 tamon,
1516 4497 1603 4563 quae
1626 4475 1732 4545 uniam
1754 4475 1900 4566 exempli
1952 4475 1955 4480 ’
2094 4478 2095 4503 ¹

286 4585 374 4670 qnod
392 4581 639 4672 :exprimeretur
666 4587 835 4655 erroribus
864 4609 962 4678 quam
990 4586 1095 4673 ipsius
1122 4584 1251 4652 librarii
1278 4584 1503 4672 negligentiae
1531 4585 1686 4654 tribuere·
1707 4586 1900 4656 debeamus.

282 4695 340 4766 Ex
362 4698 428 4766 boo
448 4720 573 4784 genera
596 4713 673 4768 esse
694 4701 938 4792 oensemquod
956 4698 985 4785 fi
1006 4707 1084 4764 ater
1104 4699 1202 4764 inter·
1220 4693 1283 4790 bos
1298 4696 1426 4782 aeribit,
1445 4700 1533 4786 quod
1544 4698 1897 4790 praeternauigantium

2092 4675 2094 4752 f
