4222 5548
1913 267 1939 345 9

325 469 439 554 latim,
459 476 497 536 ut
517 457 761 538 absolveretur:
786 487 891 556 quare
912 465 1207 550 rccte‘laoiemus,
1233 473 1270 531 ut
1292 465 1473 534 editionem
1497 467 1544 532 eb
1566 467 1648 553 ‚ipsa
1670 467 1850 554 scriptione
1871 487 1939 536 non

324 581 553 668 seiungamus,
573 583 634 648 sed
655 601 720 668 quo
741 593 894 668 'quaeque
914 598 995 666 pars
1015 586 1166 664 tempore
1189 579 1355 662 ederetur,
1375 579 1493 644 eodem
1512 596 1675 666 quamque
1689 580 1846 668 scriptam
1862 603 1939 650 esso

326 700 523 761 statuamus.
566 690 683 781 Neque
705 691 788 758 illud
810 690 1156 773 commemorabimus,
1182 689 1272 776 quod
1293 687 1438 775 Augusti
1466 695 1577 757 aetate
1604 691 1738 779 plbn‘mi
1761 694 1942 780 scriptores

326 803 444 873 iecere
466 804 642 890 solebant,
655 811 693 870 ut
714 824 817 889 opera
839 811 1014 890 antequam
1036 801 1188 884 ederent,
1211 798 1343 887 publice
1366 800 1586 890 privatimque
1607 805 1800 874 recitarent.
1844 803 1941 878 Quod

328 932 405 982 num
427 915 548 984 fecerit
568 913 688 984 Livius
708 913 865 982 nescitur.
899 911 1063 980 Recitarit
1084 933 1165 978 sane
1178 911 1231 979 vel
1247 912 1334 999 apud
1349 909 1437 975 elios
1449 910 1504 978 vel
1518 916 1607 1000 apud
1621 913 1728 1001 ipsum
1743 917 1944 1004 Augustum,

330 1047 427 1114 quem
451 1024 630 1092 Suetonius
652 1047 682 1094 c.
703 1022 748 1095 89
768 1024 870 1091 etiam
891 1022 1051 1089 historias
1073 1019 1291 1089 recitantibus
1317 1021 1454 1089 allisisse
1477 1024 1605 1110 scribit,
1622 1027 1848 1094 testimouium
1871 1027 1943 1115 qui·

329 1135 404 1204 dem
427 1137 500 1205 eius
526 1137 578 1204 rei
606 1135 731 1202 nullum
757 1134 933 1222 reperitur.
981 1133 1066 1200 Nam
1091 1133 1183 1220 quod
1211 1129 1355 1218 Tacitus
1381 1131 1560 1220 unn.1v,
1586 1137 1629 1206 34
1656 1137 1718 1205 Gn.
1747 1136 1944 1224 Pompeium

330 1256 446 1314 cerret
473 1271 495 1314 a
520 1247 621 1317 Livio
645 1246 757 1314 'tantis
785 1244 938 1312 laudibus
973 1267 1049 1312 esse
1083 1245 1222 1327 cletum,
1254 1252 1291 1308 ut
1323 1253 1504 1331 propterea
1537 1246 1611 1333 ipse
1645 1247 1869 1335 Pompeianus
1903 1249 1946 1314 ab

263 1397 266 1408 ι
329 1361 484 1447 ‘Augusto
506 1357 749 1447 appellaretur,
775 1375 860 1444 quae
882 1357 926 1422 ad
948 1355 1144 1443 Pompeium
1165 1354 1389 1442 pertinerent,
1415 1365 1492 1423 ante
1520 1365 1662 1424 mortem·
1681 1359 1826 1448 Augusti
1854 1361 1946 1428 edita

329 1493 406 1540 esse
427 1471 517 1538 infra
536 1471 733 1539 ridebimus.
1441 1499 1442 1506 ι
1516 1503 1519 1512 =
1939 1501 1942 1511 ν

482 1581 664 1650 Consilium
686 1588 796 1647 autem
818 1572 906 1666 quod
922 1579 1039 1645 Livius
1061 1578 1096 1643 in
1118 1575 1260 1644 historia
1282 1579 1457 1645 scribenda
1480 1581 1680 1646 secatus'sit
1695 1581 1748 1648 vol
1762 1603 1843 1668 quos
1858 1581 1944 1646 lines

331 1697 396 1761 sibi
418 1693 640 1783 proposuerit,
662 1694 695 1758 iu
718 1689 928 1779 praefatione
951 1691 1039 1755 baud
1062 1689 1162 1754 dubie
1184 1689 1449 1776 ipse'signilicat.
1483 1692 1706 1756 Furtumne
1722 1713 1849 1780 operae
1860 1711 1945 1778 pre-

332 1809 422 1872 tium
443 1807 528 1887 rim,
558 1803 681 1891 iuquit,
708 1808 743 1868 re·
763 1821 786 1866 a
803 1799 1006 1888 praeterae
1031 1797 1136 1866 erbis
1156 1817 1216 1866 res
1237 1801 1371 1888 popule·
1390 1799 1549 1868 Bonane·
1564 1805 1856 1891 permirum,
1880 1813 1945 1870 nec

332 1921 419 1984 eatr'r
440 1920 513 1983 reio
535 1937 605 2004 sq.,
631 1923 700 1981 tum
722 1929 780 1978 rer
802 1925 1060 2000 entymema
1082 1921 1115 1978 et
1136 1912 1298 1977 emmam
1324 1913 1462 2000 operis,
1486 1925 1530 1977 ut
1558 1933 1654 2001 qcce·
1675 1934 1788 2004 rapra
1814 1917 1944 2004 ceptic-

329 2032 563 2119 geatees'mum
584 2045 717 2092 amnem
738 2035 924 2113 repetatur
951 2037 987 2090 et
1013 2043 1104 2112 qaae
1124 2020 1168 2090 ab
1190 2022 1337 2112 exiguis
1363 2027 1535 2110 prosecta
1561 2027 1683 2092 cuiuis
1709 2049 1749 2093 eo
1777 2028 1944 2112 creaverit,

334 2141 463 2204 ctiam
482 2137 731 2227 magnitudine
753 2136 889 2204 laboret
909 2157 985 2204 aaa.
1020 2121 1153 2201 Iudicat
1174 2134 1275 2200 etiam
1299 2133 1373 2200 aliis
1396 2135 1494 2221 locis,
1515 2138 1660 2206 maxime
1674 2138 1750 2207 libr.
1765 2137 1899 2223 xxxi,
1915 2139 1947 2224 i,

328 2249 484 2337 ‘profiteri
506 2271 545 2315 se
567 2269 683 2314 ausum
705 2270 781 2316 esse
802 2248 1063 2337 perscripturum
1081 2267 1139 2311 rar
1162 2264 1276 2311 omnes
1298 2243 1479 2314 Romanas.
1503 2260 1505 2270 ¹
1529 2248 1664 2316 Initium
1692 2251 1796 2337 igitur
1822 2250 1946 2336 operis,

332 2361 566 2428 ut¹bistoriam
589 2360 735 2428 scribere
758 2362 882 2447 coepit,
904 2359 968 2427 sibi
991 2357 1173 2438 constituit,
1194 2355 1292 2422 tinem
1316 2359 1358 2423 ad
1378 2381 1477 2445 quem
1492 2361 1658 2428 deducere
1672 2361 1764 2446 velit,
1786 2382 1948 2450 nusquam

253 2515 269 2562 .'
334 2470 519 2560 significat,
548 2471 612 2537 nisi
641 2470 729 2558 quod
751 2466 1081 2559 deptingeutesimum
1104 2487 1226 2533 annum
1252 2467 1424 2545 nominans
1451 2471 1495 2536 ad
1523 2493 1617 2538 suam
1645 2495 1684 2540 se
1707 2481 1851 2540 aetatem
1872 2493 1948 2559 per·

332 2585 449 2652 venire
459 2582 546 2651 velle
557 2583 699 2649 indicat:
722 2605 786 2650 nec
803 2582 936 2648 omnino
948 2581 1057 2666 ipsum
1074 2601 1206 2664 annum,
1228 2581 1270 2645 ad
1282 2599 1378 2666 quem
1390 2585 1621 2665 descenderet,
1635 2585 1767 2667 ridetur
1780 2584 1841 2650 sibi
1853 2605 1968 2673 prae-l

334 2681 459 2763 finisse.
495 2691 537 2759 ld
557 2693 612 2762 vel
633 2715 676 2762 ex
699 2693 742 2760 iis
763 2693 885 2778 verbis,
906 2713 990 2779 quae
1012 2713 1033 2756 a
1047 2690 1158 2761 Plinio
1182 2691 1284 2757 allata
1299 2713 1400 2780 supra
1414 2693 1598 2778 citavimus,
1620 2695 1827 2782 intelligitur.
1864 2693 1949 2762 Nam

336 2807 364 2873 si
388 2806 514 2874 licebat
535 2804 700 2890 desinere,
721 2806 752 2872 si
773 2804 885 2872 auimo
907 2811 1034 2870 tantum
1048 2801 1166 2868 Livius
1188 2805 1229 2868 ad
1252 2803 1462 2870 scribendum
1485 2795 1730 2893 impellebatur,
1752 2827 1862 2873 uouue
1878 2827 1950 2872 cer·

335 2927 406 2985 tum
428 2917 538 3004 operis
561 2917 687 2984 exitum
709 2916 833 2982 nullum
855 2916 1020 2983 babebatt
1041 2933 1152 2978 uonna
1175 2913 1327 2999 quamdiu
1349 2915 1403 2981 vel
1416 2916 1505 2982 vires
1521 2915 1733 2985 sufficiebant
1753 2917 1807 2985 vel
1822 2917 1950 2984 animus

334 3029 470 3097 ferebat
489 3027 646 3117 scripsitt
681 3026 828 3095 Ferebat
849 3035 959 3094 autem
982 3025 1122 3108 animus,
1142 3031 1180 3089 ut
1202 3045 1299 3111 quam
1321 3025 1508 3093 diutissime
1530 3028 1710 3095 scriberet:
1729 3049 1835 3118 quare
1856 3035 1951 3095 recte

335 3143 426 3209 viros
447 3142 565 3206 doctos
588 3147 736 3206 statuere
759 3160 898 3222 censeo,
919 3139 1005 3226 quod
1026 3145 1135 3202 morte
1158 3135 1416 3223 opprimeretur,
1438 3136 1564 3204 factum
1587 3162 1679 3224 erse,
1706 3148 1743 3206 ut
1764 3141 1798 3206 in
1821 3139 1952 3210 arnoll

337 3273 368 3321 s.
392 3251 489 3339 Uba,
507 3253 550 3318 viu
572 3270 637 3340 quo
658 3250 839 3339 periochae
861 3247 998 3317 Liviani*
1016 3248 1128 3337 operis
1150 3248 1324 3333 desinunt,
1351 3257 1467 3316 auctor
1493 3250 1565 3338 ipsc
1587 3251 1782 3320 substiterit.
1827 3249 1951 3324 Quam

339 3379 437 3455 quam
459 3383 503 3430 ne
522 3364 591 3429 'boc
612 3363 745 3452 quidem
759 3367 910 3446 constat,
932 3367 1040 3426 utrum
1060 3360 1095 3426 in
1116 3359 1175 3426 illo
1198 3381 1284 3426 anno
1299 3360 1484 3428 substiterit
1498 3383 1540 3426 an
1555 3360 1651 3448 plura
1665 3361 1856 3449 scripserit3
1878 3363 1952 3444 sed,

342 3497 415 3544 cnm
436 3474 529 3543 nulla
551 3475 585 3541 in
607 3474 840 3562 periocharum
862 3471 1030 3539 codicibus
1051 3471 1192 3539 lacunae
1215 3471 1416 3558 significatio
1438 3472 1591 3559 addatur,
1613 3474 1786 3560 probabile
1809 3482 1861 3540 est
1874 3473 1952 3539 sub·

338 3589 476 3657 rusiae
515 3575 643 3662 Quodsi
666 3585 710 3651 ad
732 3585 859 3652 exitum
872 3581 1016 3668 Augusti
1030 3584 1251 3671 pervenisset,
1271 3583 1415 3650 'l'aoitus
1436 3603 1501 3650 non
1522 3583 1654 3651 videtur
1674 3585 1849 3671 aliquando
1872 3605 1951 3651 oon·

340 3699 452 3766 silium
472 3697 562 3766 vitae
576 3697 723 3784 Augusti
745 3695 941 3763 scribendae
964 3694 1093 3782 agitare
1110 3695 1280 3778 debuisse,
1303 3695 1354 3762 sin
1368 3695 1558 3783 Augustum
1578 3715 1717 3784 prorsus
1738 3717 1804 3762 non
1824 3697 1953 3784 tetigis-

342 3819 413 3897 set,
434 3809 492 3875 ille
514 3815 606 3874 certe
628 3826 694 3873 non
716 3809 759 3874 ab
781 3827 940 3891 excessu,
967 3808 1026 3872 sed
1049 3805 1091 3872 ab
1113 3805 1218 3872 initiis
1239 3805 1588 3894 Augusti'coepisset3
1618 3827 1705 3872 nuuc
1727 3829 1804 3873 oum
1823 3815 1952 3896 partem

345 3921 387 3987 ab
409 3920 508 3987 Livio
535 3921 745 4007 expositam,
767 3927 897 4006 partem
924 3915 1073 3983 relictam
1101 3937 1177 3984 esse
1205 3919 1351 4004 videret,
1380 3919 1414 3985 iu
1436 3937 1474 3985 re
1503 3917 1603 3985 dubie
1630 3918 1724 4004 quod
1746 3920 1952 3986 commodum

342 4040 429 4119 erat,
450 4031 563 4120 elegit.
619 4058 622 4066 ·
719 4055 722 4063 ·
1374 4043 1379 4054 “
1688 4043 1692 4050 ’

495 4141 572 4211 Hoc
592 4142 696 4230 igitur
711 4161 791 4207 cum
813 4139 988 4207 consilium
1011 4139 1100 4209 bivii
1124 4149 1230 4225 esset,
1251 4149 1359 4210 uuum
1382 4143 1434 4208 sic
1455 4147 1618 4208 executus
1640 4150 1709 4227 ert,
1737 4150 1774 4208 ut
1793 4141 1953 4228 temporis

343 4255 493 4322 ordinem
515 4275 659 4342 sequens
681 4251 912 4340 antiquissima
933 4271 1085 4341 quaeque
1106 4251 1244 4337 primum
1268 4254 1430 4321 scriberet
1451 4275 1515 4321 nec
1537 4253 1579 4321 ad
1600 4254 1788 4340 posteriora
1808 4250 1873 4317 nisi
1896 4251 1953 4316 ab·

341 4366 463 4434 solutis
483 4365 649 4453 prioribus
668 4365 873 4453 perveniret,
901 4384 960 4446 au,
987 4371 1087 4450 prout
1106 4363 1233 4428 anirnus
1255 4364 1377 4451 ferret,
1399 4367 1497 4432 modo
1520 4365 1606 4431 bano
1626 4367 1726 4431 modo
1745 4363 1838 4428 illam
1863 4369 1958 4430 aeta·

344 4488 412 4546 tem
433 4477 591 4544 tractarit
611 4476 834 4564 paulatimque
856 4475 915 4560 iis,
942 4490 1028 4564 quae
1050 4475 1182 4540 interim
1204 4475 1323 4542 relicta
1341 4485 1461 4562 'erant,'
1478 4474 1686 4565 supplendis,
1708 4483 1745 4540 ut
1765 4471 1954 4542 universam

344 4587 569 4656 Romanorum
586 4587 761 4654 biatoriam
784 4595 999 4675 componeret
1021 4580 1150 4653 adsciti
1192 4585 1256 4652 llla
1276 4587 1363 4656 ratio
1384 4589 1434 4656 rei
1456 4589 1563 4675 ipsius
1577 4596 1716 4654 naturae
1727 4582 1830 4674 longe
1844 4586 1952 4674 magis

345 4700 478 4770 ridetur
498 4699 692 4786 convenire,
720 4720 783 4766 uec
803 4707 914 4768 tamen
943 4707 995 4768 est
1016 4699 1216 4765 necessaria.
1246 4696 1364 4772 ,Velut
1390 4699 1530 4766 Tacitus
1558 4698 1747 4766 Flauiorum
1776 4721 1833 4766 res
1859 4700 1952 4787 prius

1707 4811 1729 4879 2
